1922 2767
246 293 289 323 38
693 289 761 325 DE
791 289 1011 326 FAMILIA
1041 289 1214 326 HUMIA

246 392 375 427 manfit.
431 392 524 433 Quin
543 397 576 427 et
595 392 666 440 ipsa
689 393 822 436 rudera,
843 394 1022 441 egregium
1048 394 1126 429 fidei
1153 394 1186 429 in
1215 394 1361 442 patriam
1380 400 1414 429 et
1438 394 1660 430 honorificum

248 457 518 493 monumentum,
555 463 667 499 eoque
701 452 840 487 nomine
875 452 1016 500 posteris
1050 453 1155 488 etiam
1184 452 1378 500 jucundum
1413 454 1661 500 spe63fflculum,

251 508 395 557 Georgii
414 510 503 544 tertii
522 515 687 557 tempore,
706 510 808 557 hujus
827 511 974 558 nepotis,
992 511 1130 546 visenda
1148 511 1339 546 exstabant.
1393 511 1489 547 Idem
1509 513 1663 560 perpessa

249 568 361 603 fratris
380 567 522 603 Joannis
542 581 601 603 arx
620 568 815 610 Blacadari,
834 569 925 604 idem
944 569 1103 612 Nisbetti,
1121 570 1178 617 qui
1198 582 1239 604 ex
1258 570 1347 605 illius
1366 571 1484 606 amicis
1502 577 1585 611 erat,
1605 584 1662 606 arx

250 627 474 673 cognominis,
495 627 585 662 idem
607 627 770 670 Poluarti,
799 640 876 675 quae
905 627 1088 663 Rid-braes
1116 634 1345 675 nuncupatur.
1399 629 1551 676 Aytonia
1570 636 1662 670 ante,

252 684 385 720 Jacobo
414 691 536 733 quarto
563 686 751 733 superstite,
770 686 881 721 diruta
906 687 1030 729 fuerat,
1051 692 1085 722 et
1111 692 1203 729 tunc,
1233 693 1327 734 puto,
1349 687 1479 722 Dunfia
1510 688 1665 735 quassata

254 743 431 789 paululum
450 744 480 779 vi
500 744 658 791 pulveris,
678 744 770 780 stetit
787 750 914 780 tamen.
957 744 1095 780 Humiae
1116 745 1308 793 Anglorum
1328 746 1519 793 praefidium
1532 746 1664 794 imposi-

253 811 323 837 tum
343 803 403 843 est,
422 809 554 838 caeterae
573 816 632 851 per
652 804 820 839 Merciam
848 804 882 838 in
910 803 1058 839 hostium
1086 804 1187 839 fidem
1207 805 1240 840 se
1270 805 1408 846 dedere,
1436 812 1470 841 et
1497 805 1665 841 tributarii

253 861 336 896 facti
356 862 431 896 sunt
449 874 567 897 earum
586 862 726 897 domini.
782 862 841 897 Ille
860 862 957 903 liber,
975 862 1033 897 ubi
1052 863 1222 898 exercitus
1239 863 1380 906 receffit,
1401 864 1445 899 ad
1464 865 1664 912 qualescun-

252 933 319 967 que
338 920 501 968 reliquias
520 921 629 963 rediit,
653 927 688 956 et
714 921 818 956 ruinis
847 928 1023 968 utcunque
1050 922 1226 969 reparatis,
1260 923 1457 970 caeterisque
1484 923 1664 963 turriculis,

250 991 327 1025 quae
347 979 486 1014 intactae
513 986 610 1014 erant
637 986 670 1014 et
697 980 851 1027 integrae,
871 979 1002 1022 insedit,
1025 993 1065 1015 ac
1085 980 1189 1020 bello,
1209 993 1278 1027 qua
1297 982 1418 1028 potuit,
1447 982 1570 1017 instare
1589 995 1663 1030 per-

254 1038 349 1077 rexit,
369 1050 432 1072 nec
451 1050 572 1085 pacem
593 1038 744 1085 iniquam
764 1044 823 1073 aut
841 1038 996 1073 inducias
1014 1039 1129 1073 facere
1147 1039 1310 1082 sustinuit,
1331 1040 1411 1087 quin
1430 1040 1463 1076 se
1482 1046 1592 1076 totum
1619 1048 1664 1081 et,

252 1109 328 1130 cum
348 1096 429 1131 nihil
449 1096 566 1144 posset,
587 1097 676 1131 dulci
696 1097 800 1131 vitam
828 1097 947 1144 patriae
966 1097 1142 1144 impendit.
1196 1097 1290 1132 Nam
1317 1099 1391 1145 post
1415 1111 1541 1133 annum
1560 1112 1665 1134 unum

251 1162 309 1189 aut
329 1155 485 1195 alterum,
504 1155 536 1189 in
556 1155 697 1190 fortuito
716 1155 889 1197 conflictu,
910 1154 1062 1190 hostibus
1080 1155 1201 1202 impari
1228 1168 1371 1191 numero
1398 1157 1606 1205 congressus,
1624 1171 1664 1193 ac

252 1214 446 1248 vulneratus
478 1214 510 1248 in
542 1226 659 1249 eorum
688 1214 893 1261 potestatem
918 1214 1022 1248 venit.
1076 1213 1170 1248 Dum
1197 1214 1342 1257 ducitur,
1363 1228 1383 1250 a
1405 1215 1535 1257 Selbio,
1562 1229 1665 1264 quem

251 1273 408 1312 diximus,
428 1272 516 1307 clam
543 1273 738 1307 admonitus
766 1273 832 1308 effe
851 1285 989 1320 equum,
1010 1272 1064 1308 cui
1094 1272 1269 1320 impolitus
1288 1279 1371 1314 erat,
1391 1274 1662 1321 perniciffimum,

252 1331 342 1377 poffe
362 1331 518 1373 evadere,
538 1331 562 1366 fi
581 1344 599 1366 e
619 1331 775 1366 manibus
804 1331 957 1366 ductoris
983 1331 1073 1367 elabi
1099 1331 1207 1379 possit,
1233 1331 1301 1373 ille,
1328 1344 1406 1367 cum
1431 1333 1665 1381 negligentius

252 1389 497 1430 observaretur,
525 1390 557 1424 in
584 1390 673 1425 viam
702 1390 734 1425 se
764 1390 833 1432 dat,
862 1397 894 1425 et
921 1390 994 1437 jam
1024 1391 1176 1438 passuum
1205 1391 1274 1425 duo
1304 1391 1420 1434 millia,
1444 1392 1666 1440 sequentibus

256 1448 389 1495 Anglis,
410 1448 604 1490 conficerat,
626 1461 714 1490 cum,
735 1455 772 1483 ut
796 1462 922 1496 equum
943 1449 1095 1496 pondere
1114 1449 1331 1485 deficientem
1350 1451 1465 1498 aliqua
1483 1451 1601 1486 saltem
1619 1452 1665 1486 le-

252 1513 356 1548 varet,
378 1507 493 1542 sellam
512 1507 672 1554 abjicere,
692 1507 785 1554 quod
811 1508 1006 1548 limitaneis,
1029 1521 1119 1556 equo
1146 1516 1314 1549 currente,
1343 1510 1474 1544 suetum
1502 1516 1536 1544 et
1562 1510 1663 1545 facile

252 1566 309 1607 est,
330 1566 456 1600 statuit.
512 1565 550 1600 Id
570 1565 651 1600 dum
670 1566 807 1600 molitur
833 1579 874 1601 ac
896 1566 969 1613 jam
988 1579 1076 1614 pene
1101 1567 1303 1614 perfecerat,
1324 1568 1382 1602 seu
1400 1568 1552 1614 pondere
1572 1568 1664 1604 incli-

252 1625 376 1664 nantis,
396 1625 452 1659 seu
471 1624 586 1659 solutis
605 1624 752 1672 cingulis
767 1625 919 1660 cruribus
934 1626 1013 1673 equi
1029 1625 1210 1673 impeditis,
1231 1626 1288 1661 illo
1302 1633 1433 1666 ruente,
1449 1627 1518 1674 ipse
1537 1639 1663 1674 pronus

252 1684 284 1717 in
304 1689 407 1730 caput
426 1683 658 1730 provolvitur3
680 1683 745 1718 hoc
764 1684 854 1726 casu,
875 1684 1064 1719 accedente
1079 1684 1214 1732 insuper
1230 1685 1378 1726 vulnere,
1396 1685 1482 1720 inter
1501 1686 1665 1733 capienti-

252 1754 309 1776 um
335 1754 456 1776 manus
474 1742 650 1789 expiravit.
706 1741 820 1777 Locus
839 1742 925 1777 inter
946 1742 1172 1790 Ramriggum
1191 1750 1225 1778 et
1247 1743 1453 1778 Suintonum
1475 1744 1587 1779 adhuc
1605 1757 1665 1780 no-

253 1799 351 1839 bilis;
370 1800 417 1834 rei
433 1807 695 1834 monumentum
711 1812 770 1834 arx
786 1801 903 1836 erecta
918 1801 976 1836 diu
990 1801 1091 1844 stetit,
1110 1802 1252 1837 Towani
1268 1802 1450 1838 vocabant.
1495 1803 1552 1839 Sic
1570 1804 1663 1845 vixit,

251 1858 294 1893 fic
313 1864 466 1892 mortuus
485 1857 533 1892 est
550 1858 599 1892 vir
618 1859 731 1893 animo
750 1865 784 1893 et
803 1871 943 1906 corpore
957 1860 1058 1907 juxta
1076 1861 1247 1907 egregius,
1265 1867 1299 1895 et
1317 1873 1433 1896 amore
1451 1861 1484 1896 in
1504 1862 1660 1908 patriam,

252 1917 417 1951 charitate
437 1917 469 1950 in
489 1916 618 1952 amicos
636 1924 670 1951 et
688 1917 842 1957 clientes,
861 1930 945 1965 erga
962 1925 1103 1965 gentem
1123 1927 1157 1953 et
1174 1919 1313 1953 familiae
1340 1919 1527 1967 principem
1547 1922 1663 1968 praeci-

251 1988 318 2022 pue
336 1988 378 2010 ea
397 1987 477 2010 cura
496 1980 529 2010 et
555 1975 683 2010 sincera
710 1976 871 2016 amicitia,
900 1976 993 2023 quod
1019 1977 1066 2011 illi
1093 1976 1219 2011 debeat
1247 1977 1527 2013 restaurationem
1556 1979 1662 2020 suam,

250 2033 413 2080 quodque
432 2046 452 2067 a
470 2033 567 2067 ruina
585 2033 653 2075 illa,
674 2045 743 2081 qua
761 2033 862 2080 plane
881 2034 1117 2075 succubuerat,
1135 2034 1194 2069 nifi
1213 2035 1268 2070 ille
1293 2035 1504 2079 subvenisset,
1526 2038 1663 2073 refloru-

249 2092 321 2127 erit.
377 2091 493 2132 Quare
512 2090 555 2126 fic
574 2092 605 2126 ei
625 2092 682 2126 suo
701 2092 822 2126 merito
841 2093 1106 2140 parentavimus.

416 2263 558 2299 Externi
573 2263 661 2311 juga
679 2263 801 2298 servitii
820 2263 902 2299 dum
922 2263 1067 2300 Bantius
1086 2271 1184 2312 urget

465 2321 635 2365 Exterus;
656 2322 759 2369 idque
777 2322 897 2358 sedens
915 2322 1079 2371 plebsque
1098 2324 1278 2371 patresque
1297 2325 1443 2361 fremunt
