1922 2767
277 294 321 324 48
720 289 788 324 DE
819 288 1037 325 FAMILIA
1065 288 1238 325 HUMIA

280 391 311 425 se
331 390 389 424 fibi
408 396 527 425 mutuo
555 396 673 425 contra
700 390 923 437 quoscunque
949 390 1075 424 auxilio
1093 390 1248 432 futuros;
1280 389 1452 424 Davidem
1480 402 1618 437 quoque
1650 394 1686 423 ut

278 448 425 495 signaret
440 448 575 483 obtulit.
629 448 690 483 Ille
709 448 825 483 dolum
844 448 1069 483 subodoratus
1084 448 1142 490 est,
1160 461 1199 483 ac
1219 448 1320 495 plane
1335 448 1500 483 recusavit
1516 462 1525 491 3
1546 448 1686 495 aliisque

279 507 443 542 renuendi
462 507 674 542 occafionem
701 507 903 554 praebuiffet,
933 506 993 541 nifi
1021 507 1215 542 Mortonius
1241 506 1274 540 id
1304 506 1410 553 ipsum
1429 506 1565 548 veritus,
1593 506 1687 541 eoin

280 567 420 601 interius
447 566 642 600 cubiculum
672 566 830 601 secedere
853 565 952 613 jusso,
975 566 1059 607 aliis,
1088 565 1170 612 quid
1201 565 1317 599 notum
1338 565 1420 599 esset
1447 564 1685 605 nescientibus,

281 625 500 673 persuafifi'et.
554 624 653 659 Unus
674 625 842 659 Patricius
870 624 1018 659 Humius
1047 624 1241 658 Poluartius
1270 623 1453 658 cunctatus
1481 623 1539 665 est,
1569 629 1687 670 aperto

280 685 437 719 causatus
456 685 543 718 sorte
562 684 593 718 in
614 696 655 718 eo
674 683 803 718 foedere
823 683 1076 730 comprehendi,
1105 683 1162 729 qui
1185 682 1438 717 WVedderburni
1463 694 1587 728 pecora
1607 687 1686 716 ante

280 743 428 777 triduum
456 742 558 777 furati
587 742 703 784 essent,
724 741 848 789 quibus
877 741 932 776 ille
960 741 1086 776 auxilio
1115 741 1181 776 effe
1207 741 1324 782 nollet,
1355 740 1577 775 Turnibullos
1603 740 1686 787 (five

286 802 569 849 Strephotauros)
588 802 660 836 sere
679 813 808 843 omnes,
829 807 861 836 et
883 800 1107 835 Retrofordos
1126 812 1229 847 quam
1247 799 1413 847 plurimos
1437 811 1478 833 ac
1503 799 1688 833 maximam

280 862 351 896 sere
371 867 502 908 partem
521 874 562 896 eo
581 861 721 896 crimine
739 866 877 894 notatos
904 859 1035 902 innuit;
1057 858 1243 906 subscripsit
1270 865 1396 899 tamen,
1417 870 1459 892 ne
1485 857 1687 904 displiceret,

280 927 313 955 et
332 920 387 955 alii
408 921 481 967 ejus
499 919 692 966 exemplum
709 919 813 953 secuti
832 919 918 952 sunt.
973 917 1107 958 Quibus
1119 917 1268 964 peractis
1282 916 1363 951 dum
1380 916 1575 950 Mortonius
1590 928 1687 962 pran-

280 979 388 1019 deret,
409 978 552 1013 Davidis
581 978 718 1017 oblitus,
738 977 795 1011 ubi
814 976 895 1011 effet
919 976 1083 1024 rogitans,
1112 975 1381 1010 admirabundus
1409 974 1561 1009 accersiri
1585 974 1686 1021 juffit,

281 1038 482 1085 rogavitque
502 1037 558 1083 qui
578 1037 672 1070 fieret
687 1041 723 1069 ut
742 1048 809 1069 non
835 1035 878 1070 ad
907 1035 1087 1082 prandium
1106 1035 1247 1074 veniret,
1267 1034 1332 1075 ille,
1354 1041 1390 1068 ut
1409 1039 1481 1068 erat
1500 1033 1613 1067 faceto
1641 1033 1688 1067 in—

281 1097 394 1140 genio,
416 1101 438 1117 ‘⁴
452 1097 558 1143 eg0‚’'
580 1095 698 1142 inquit,
722 1094 829 1141 “jure
848 1094 881 1128 in
901 1093 1088 1128 custodiam
1108 1092 1221 1132 datus,
1240 1092 1320 1134 noli,
1338 1091 1395 1126 nisi
1421 1092 1498 1138 jure
1513 1091 1687 1130 liberatus,

281 1157 408 1190 exire.''
463 1155 545 1189 Erat
568 1153 681 1188 David
700 1166 741 1188 eo
757 1153 883 1192 animo,
904 1159 940 1186 ut
962 1164 1039 1186 cum
1069 1151 1226 1198 injuriam
1255 1151 1378 1185 inferre
1405 1150 1521 1192 nollet,
1549 1150 1595 1184 ita
1625 1162 1688 1184 nec

281 1213 474 1261 perferebat
493 1213 594 1248 facile
613 1213 754 1252 illatam,
773 1224 837 1246 nec
855 1211 1041 1258 quicquam
1061 1210 1153 1257 quod
1174 1209 1215 1244 ad
1236 1209 1283 1244 sui
1299 1215 1535 1255 contemptum
1549 1208 1689 1243 tendere

281 1273 460 1307 videretur.
517 1272 715 1306 Diverterat
739 1271 781 1306 ad
801 1282 878 1305 eum
899 1269 1085 1316 aliquando
1107 1268 1282 1315 Georgius
1310 1267 1508 1309 avunculus,
1539 1279 1689 1313 quocum

283 1332 432 1366 simultas
459 1338 530 1366 erat
551 1330 751 1365 Alexandro
779 1329 921 1376 principi
950 1334 1087 1375 propter
1114 1339 1203 1367 earn,
1222 1339 1299 1374 quae
1318 1327 1361 1361 de
1383 1325 1689 1372 Cockburuspetho

283 1398 365 1432 erat,
386 1389 670 1431 contraversiam3
700 1389 727 1423 is
753 1389 851 1429 sorte,
880 1387 1003 1422 eodem
1031 1393 1195 1433 tempore,
1226 1385 1508 1420 Manderssonum
1538 1391 1688 1425 venerat,

286 1450 494 1496 quingentos
524 1448 654 1483 circiter
677 1461 696 1482 a
718 1446 983 1482 W‘edderburno
1010 1445 1133 1493 pafl'us.
1190 1444 1279 1479 Eum
1302 1444 1499 1479 Alexander
1528 1444 1689 1478 Mander-

281 1509 396 1543 stonus
417 1509 545 1542 summo
571 1519 672 1541 mane
691 1514 853 1541 venatum
879 1505 1009 1546 invitat,
1031 1512 1073 1546 et,
1095 1510 1132 1538 ut
1160 1511 1232 1539 erat
1260 1503 1456 1538 turbulento
1483 1503 1622 1550 ingenio
1650 1515 1689 1537 ac

282 1568 324 1601 ad
344 1567 606 1602 ostentationem
622 1565 819 1612 composito,
835 1565 867 1599 in
883 1576 1004 1611 agrurn
1020 1562 1333 1598 VVedderburnium
1349 1574 1390 1596 eo
1405 1568 1571 1608 praetextu
1584 1561 1687 1601 ducit,

283 1634 318 1660 ut
339 1626 529 1673 Georgium
550 1625 761 1671 contemptui
781 1624 930 1665 duceret,
952 1622 1073 1669 partim
1094 1628 1129 1656 ut
1148 1628 1182 1656 et
1202 1621 1326 1656 Davidi
1342 1620 1530 1654 molestiam
1546 1625 1687 1654 crearet.

283 1685 328 1719 Et
349 1684 522 1731 Georgius
549 1684 688 1731 quidem
707 1683 876 1730 patienter
894 1694 965 1717 rem
985 1682 1071 1722 tulit,
1091 1687 1124 1716 et
1146 1680 1338 1715 diffimulari
1358 1679 1505 1714 volebat.
1560 1679 1688 1713 Verum

282 1744 406 1783 David,
426 1756 553 1791 gnarus
579 1743 737 1789 quorsum
765 1741 931 1782 tenderet,
961 1753 1025 1775 nec
1050 1741 1174 1780 ferens,
1193 1739 1341 1773 famulos
1370 1750 1478 1785 equos
1506 1737 1688 1772 ascendere

278 1802 389 1849 jubet,
408 1808 442 1836 et
461 1802 530 1849 ipse
558 1801 718 1843 ascendit,
739 1807 772 1834 et
801 1812 869 1834 una
890 1799 1080 1846 Georgium
1110 1798 1235 1839 educit,
1257 1804 1290 1832 et
1321 1797 1479 1831 abeuntis
1499 1796 1686 1830 Alexandri

281 1861 422 1908 vestigia
440 1872 608 1907 premens,
629 1871 836 1907 quacunque
855 1864 960 1899 erant,
981 1869 1070 1905 pone
1089 1857 1250 1903 sequitur,
1269 1856 1378 1890 donec
1398 1855 1444 1890 illi
1473 1855 1505 1889 in
1526 1854 1688 1889 Mander-

280 1920 423 1955 stoniam
451 1919 590 1953 domum
606 1919 639 1952 se
657 1917 866 1964 recipissent3
887 1922 968 1951 tunc
991 1916 1107 1962 januae
1136 1914 1195 1962 ipfi
1221 1914 1437 1961 obequitans,
1455 1920 1489 1948 et
1508 1913 1686 1961 genistam,

281 1992 358 2026 quae
378 1985 457 2013 ante
475 1978 609 2012 hortum
629 1977 686 2023 qui
714 1988 803 2023 pone
822 1975 955 2009 edificia
975 1980 1057 2013 erat,
1087 1973 1248 2020 indagine
1275 1973 1427 2019 cingens,
1449 1972 1538 2006 diem
1565 1972 1598 2006 in
1618 1972 1687 2006 ves-

282 2049 398 2085 peram
418 2036 506 2075 terit,
526 2048 577 2075 ac,
596 2042 667 2069 turn
687 2034 825 2068 demum
851 2046 911 2080 par
930 2034 962 2068 se
989 2032 1135 2067 retulisse
1162 2031 1366 2071 existimans,
1395 2031 1427 2065 in
1455 2043 1568 2066 arcem
1594 2031 1687 2064 suam

283 2096 380 2132 redit.
434 2095 530 2129 idem
557 2093 841 2140 conspirationem
860 2093 893 2126 in
913 2092 945 2126 se
963 2091 1093 2126 factam
1121 2097 1154 2125 et
1180 2090 1255 2124 tulit
1285 2091 1464 2137 patienter,
1495 2096 1529 2124 et
1557 2089 1687 2136 depulit

282 2155 447 2203 gnaviter.
502 2153 800 2200 Conspiraverant,
819 2151 931 2185 nescio
958 2162 1026 2197 qua
1053 2149 1242 2189 occasione,
1269 2148 1328 2183 nifi
1348 2161 1435 2183 vana
1457 2148 1687 2187 aemulatione,

283 2214 412 2248 nullum
431 2212 474 2247 ob
494 2212 567 2258 ejus
585 2211 800 2251 maleficium,
821 2222 885 2244 nec
904 2208 993 2243 enim
1013 2208 1182 2242 inferebat
1200 2208 1373 2254 cuiquam,
1394 2207 1536 2241 Merciae
1555 2206 1685 2253 aliquot

283 2271 465 2313 comarchi,
488 2269 713 2317 Langtouius,
739 2268 948 2309 Suintonius,
971 2267 1101 2308 Billius,
1128 2266 1340 2308 Blanernius,
1373 2265 1578 2311 Cumligius,
1608 2264 1684 2299 Nis-

283 2332 382 2366 betus
397 2336 540 2377 uterque
553 2328 726 2364 orientalis
741 2334 773 2362 et
788 2325 1022 2366 occidentalis,
1043 2325 1347 2372 Langformagius,
1365 2323 1582 2365 Vedderlius,
1603 2322 1683 2357 Rid-
