1922 2767
683 260 1193 296 WEDDERBURNENSI.
1604 267 1642 298 [3

231 366 388 404 ditatum,
410 364 650 400 Bredfordium
670 364 843 411 quendam
863 364 1020 399 advocat.
1065 364 1126 398 Ille
1144 369 1241 398 tanto
1260 365 1423 399 exercitui
1442 371 1575 412 turpem
1590 366 1640 399 fu-

229 436 321 471 gam,
341 423 510 458 intentato
529 423 726 464 certamine,
747 422 932 464 ostentans,
952 422 1107 457 mandari
1128 423 1310 469 sagittariis
1327 430 1455 462 monet,
1471 429 1507 457 ut
1526 423 1593 458 tela
1608 424 1641 458 in

232 482 389 517 adversos
408 482 568 529 dirigant,
587 481 635 516 ita
653 481 695 516 de
714 481 860 516 hostium
880 481 1001 516 animis
1020 481 1209 528 periculum
1225 481 1401 521 facTturos3
1421 480 1443 515 fi
1459 493 1499 516 eo
1515 488 1641 516 terrore

228 540 374 588 diffipari
394 540 536 582 possent,
557 540 647 575 belle
667 540 747 587 agi;
775 539 822 574 fin
848 540 960 575 minus
988 552 1056 574 non
1084 552 1213 587 negare
1241 540 1273 574 se
1302 539 1441 587 quidem
1470 540 1642 574 difficilem

227 612 381 647 pugnam
401 599 654 647 expectandam
672 613 680 641 ;
700 611 817 633 verum
837 599 1039 633 tentandam
1069 598 1254 646 ancipitem
1276 599 1399 633 Martis
1428 598 1550 640 aleam,
1571 612 1641 646 qua

226 666 285 693 aut
299 658 447 698 vincant,
464 664 523 692 aut
540 658 652 693 minus
672 657 834 692 indecore
850 658 1040 692 vincantur.
1078 657 1181 692 Hanc
1199 657 1429 692 honestiorem
1444 657 1477 691 in
1493 657 1639 704 speciem

227 717 429 752 sententiani
448 717 635 764 amplexus,
656 716 772 751 erniffo
791 717 991 762 sagittarum
1010 716 1129 756 imbre,
1144 715 1241 761 signa
1260 729 1384 751 canere
1398 715 1510 763 jubet,
1530 716 1639 751 aciem

228 777 260 810 in
274 776 450 811 adversum
463 776 586 810 collem
601 775 712 823 erigit.
745 775 823 810 Nec
842 775 937 810 Scoti
952 787 1082 809 moram
1098 775 1217 822 proelio
1232 775 1358 815 fecere,
1371 775 1419 809 ira
1435 775 1640 815 amissorum,

225 840 259 868 et
278 834 589 882 recuperandorum
616 834 784 869 bonorum
803 834 870 882 spe,
892 840 926 868 et
954 833 1151 869 refellendae
1179 833 1327 868 hostium
1346 834 1527 880 jactantiae
1554 833 1638 869 defi-

224 893 329 935 derio,
351 906 390 928 ex
411 893 581 940 superiore
599 893 676 928 loco
697 893 810 939 longis
839 892 941 927 hastis
970 892 1086 927 obnixi
1105 899 1337 934 concurrunt,
1368 899 1560 940 pugnatum
1579 893 1638 927 ali-

225 952 377 999 quandiu
396 953 531 987 acriter.
585 951 671 986 Mox
687 952 792 1000 Angli
811 952 887 987 loco
903 952 997 992 moti,
1017 951 1122 986 effusa
1141 952 1239 998 fuga,
1258 951 1432 998 proximos
1458 951 1562 986 colles
1581 964 1638 998 pe-

223 1011 318 1045 tiere.
375 1011 543 1046 Cecidere
561 1011 594 1045 in
615 1011 688 1045 acie
719 1010 810 1046 haud
830 1011 876 1045 ita
895 1010 1006 1050 multi,
1035 1016 1131 1045 extra
1150 1011 1261 1045 aciem
1288 1022 1401 1050 nemo,
1425 1010 1537 1045 Scotis
1565 1022 1635 1044 mo-

223 1069 316 1105 deste
330 1070 473 1105 victoria
493 1068 568 1109 usis,
581 1076 614 1104 et
629 1069 723 1117 quafi
741 1070 784 1104 de
803 1070 872 1104 sola
885 1070 995 1116 gloria
1011 1068 1242 1111 certantibus;
1268 1069 1360 1116 capti
1373 1069 1537 1111 nonnulli,
1552 1069 1639 1103 inter

223 1141 309 1175 quos
332 1128 478 1168 Selbius,
498 1128 556 1175 qui
575 1140 728 1175 pugnam
748 1128 954 1170 dissuaserat,
977 1128 1097 1163 acriter
1124 1140 1305 1175 pugnans:
1337 1134 1479 1162 caeteros
1504 1140 1572 1163 nox
1590 1128 1638 1162 in-

222 1187 323 1228 stans,
345 1194 378 1221 et
405 1187 509 1221 amoti
528 1187 665 1234 longius
692 1199 711 1221 a
730 1187 944 1222 vincentibus
973 1193 1052 1221 ante
1083 1199 1236 1234 pugnam
1263 1187 1353 1234 equi,
1385 1193 1418 1221 et
1445 1187 1637 1234 propinqua

226 1246 361 1281 Bervici
381 1245 460 1280 urbs
479 1246 644 1292 eripuere.
699 1246 869 1293 Magnum
889 1259 931 1280 ex
950 1259 991 1281 eo
1013 1245 1157 1293 Georgii
1176 1258 1313 1287 nomen,
1335 1252 1369 1280 et
1394 1246 1486 1293 apud
1510 1246 1634 1285 hostes,

226 1305 338 1340 fracta
356 1304 495 1345 ferocia,
516 1310 639 1344 metus,
658 1310 692 1339 et
711 1305 802 1352 apud
821 1306 908 1347 suos,
929 1310 1027 1352 parta
1046 1305 1202 1344 victoria,
1219 1305 1430 1347 auetoritas3
1451 1317 1504 1339 res
1522 1304 1636 1352 quoad

222 1364 303 1398 vixit
324 1364 357 1397 in
376 1376 418 1398 ea
436 1363 581 1397 limitum
597 1369 693 1409 parte
712 1364 897 1410 quietiores
912 1363 1071 1398 reddidit.
1110 1363 1190 1398 Nec
1216 1363 1274 1398 diu
1293 1363 1459 1410 superstes
1478 1364 1563 1403 fuit;
1582 1364 1636 1398 vix

222 1434 312 1456 anno
331 1422 552 1463 circumaCto,
573 1422 687 1456 villam
706 1423 799 1456 suani
820 1423 1019 1457 Poluartum
1039 1422 1201 1464 aditurus,
1222 1428 1389 1469 tanquam
1408 1422 1440 1456 in
1461 1422 1530 1456 alta
1550 1435 1635 1469 pace

222 1481 359 1516 inermis
378 1487 412 1515 et
430 1481 662 1520 incomitatus,
682 1493 760 1515 cum
779 1494 906 1528 equum
926 1481 1182 1523 conscendiss'et,
1208 1480 1250 1515 ad
1266 1481 1490 1528 lapicidarum
1510 1481 1636 1516 clamo-

224 1552 307 1580 rem,
328 1552 427 1587 quos,
447 1539 534 1574 intra
554 1540 761 1587 quingentes
781 1540 824 1574 ab
852 1553 929 1575 arce
952 1540 1206 1575 lYedderburni
1232 1540 1353 1586 passus,
1381 1539 1424 1574 ad
1444 1540 1551 1574 rivum
1579 1540 1637 1587 qui

221 1599 324 1646 paulo
344 1599 431 1633 infra
455 1598 590 1640 labitur,
614 1599 731 1646 Angli,
753 1612 794 1633 eo
821 1599 876 1634 die
897 1599 1085 1646 irruptione
1104 1599 1192 1633 forte
1216 1599 1324 1638 saGta,
1344 1597 1534 1640 caedebant,
1556 1610 1635 1633 con-

220 1659 343 1699 versus,
365 1670 427 1692 nec
456 1657 640 1704 expectato
659 1658 839 1700 famulitio,
861 1665 997 1705 arrepta
1016 1657 1111 1692 hasta
1137 1657 1428 1704 indignabundus,
1448 1669 1551 1704 quem
1570 1657 1634 1704 pri-

220 1729 313 1751 mum
332 1715 469 1750 obviam
487 1714 607 1750 habuit
622 1728 664 1751 ex
683 1729 774 1764 equo
789 1716 949 1751 deturbat
966 1730 972 1750 :
992 1717 1106 1751 caeteri
1127 1716 1218 1750 haud
1238 1716 1342 1763 longe
1361 1715 1474 1750 abeffe
1494 1716 1634 1750 comita-

221 1782 292 1810 tum
311 1775 383 1817 1·at1‘‚
405 1775 513 1822 primo
528 1775 648 1821 fugam
668 1775 861 1822 capefl'ere3
882 1788 971 1815 mox,
989 1787 1067 1809 cum
1086 1775 1258 1809 neminem
1277 1780 1443 1821 praeterea
1462 1774 1634 1821 conspice-

221 1840 305 1875 rent,
327 1833 475 1868 converfi
494 1845 562 1880 qua
581 1840 721 1868 venerat
740 1842 829 1868 retro
849 1840 969 1881 agunt.
1016 1834 1077 1868 Ille
1096 1834 1144 1868 sui
1163 1834 1302 1868 securus
1317 1840 1350 1868 et
1369 1845 1460 1880 equo
1479 1833 1635 1873 confisus,

222 1893 302 1926 dum
321 1905 380 1939 per
399 1892 488 1927 viam
507 1905 611 1940 quam
627 1893 797 1928 desercrat
817 1893 913 1933 redit,
933 1905 1022 1935 eum,
1041 1899 1075 1927 ut
1089 1894 1183 1927 fama
1201 1892 1258 1934 est,
1277 1892 1373 1926 hasta
1387 1892 1633 1933 transfossurus,

222 1952 279 1985 seu
298 1952 415 1998 sponte
434 1952 632 1990 corruentis,
652 1953 709 1986 seu
734 1952 867 1987 succisis
886 1965 905 1986 a
925 1952 1064 1999 dejecto
1084 1951 1158 1998 ejus
1186 1951 1385 1998 poplitibus,
1404 1951 1484 1998 equi
1504 1952 1582 1986 casu
1601 1952 1633 1986 in

221 2009 365 2044 hostium
385 2009 586 2056 potestatem
606 2011 718 2051 venit;
746 2011 821 2058 post-
838 2011 1048 2046 deditionem
1067 2011 1174 2046 caesus
1193 2010 1253 2050 est,
1272 2011 1330 2045 seu
1348 2011 1436 2045 forte
1454 2016 1528 2044 orta
1547 2010 1633 2045 inter

220 2068 413 2103 limitaneos
431 2076 464 2102 et
488 2068 755 2105 mediterraneos
783 2070 863 2111 rixa,
895 2070 949 2105 cui
977 2070 1131 2117 captivus
1159 2069 1307 2111 cederet,
1338 2070 1395 2104 seu
1413 2068 1565 2116 ,quaesita
1592 2082 1633 2104 ea

221 2126 324 2162 caedis
342 2125 541 2169 occasione3
571 2127 636 2162 hoc
657 2128 800 2168 constat,
820 2129 912 2176 quod
941 2129 1006 2163 levi
1034 2129 1106 2163 ictu
1126 2141 1146 2163 a
1165 2128 1316 2176 quodam
1346 2128 1522 2163 brachium
1542 2140 1632 2162 com-

221 2185 451 2233 p11n6²cus‚vir
478 2186 593 2232 magni
621 2187 724 2221 animi
752 2196 944 2234 patronum,
976 2187 1069 2235 quod
1088 2200 1165 2222 eam
1193 2187 1351 2234 injuriam
1379 2199 1447 2221 non
1466 2186 1632 2226 vetuisset,

222 2244 374 2292 pugione
393 2242 558 2282 confodit,
578 2244 646 2290 ipse
665 2258 684 2279 a
703 2247 834 2281 caeteris
853 2253 886 2281 et
905 2246 1087 2281 confofl'us.
1126 2245 1188 2280 Vir
1207 2246 1372 2293 imprimis
1390 2246 1489 2280 fortis
1509 2251 1542 2279 et
1557 2257 1633 2291 pru-

221 2304 317 2343 dens,
345 2309 379 2337 et
397 2301 455 2348 qui
475 2301 725 2348 patrimonium,
746 2317 815 2351 qua
833 2305 1060 2347 matrimonio,
1089 2317 1158 2351 qua
1177 2304 1419 2352 emptionibus,
1446 2303 1628 2350 plurimum
