1922 2767
717 248 1225 285 WEDDERBURNENSI.
1633 257 1675 288 51

256 351 326 398 ipsa
344 351 582 398 trepidatione,
602 363 680 386 cum
704 352 777 398 jam
801 351 903 398 Angli
923 351 1172 398 impreffionem
1192 365 1296 399 quam
1325 353 1509 389 maximam
1537 356 1663 390 facturi

257 408 372 451 ell'ent,
393 410 643 457 superveniens,
662 409 808 457 dejectis
826 416 860 444 et
878 410 1006 452 occisis,
1027 411 1085 457 qui
1113 411 1211 458 primi
1240 418 1447 452 ocurrerant,
1466 415 1664 461 promptissi-

257 479 349 502 mum
368 480 541 516 quemque
560 468 724 503 invadens
743 468 786 503 ad
806 469 881 504 suos
900 469 1028 515 rejecit,
1050 481 1169 504 omnes
1188 469 1289 510 stetit,
1306 476 1339 505 et
1358 471 1524 518 impetum
1543 474 1667 519 repres-

255 525 303 568 fit,
324 539 365 561 ac
384 527 519 562 suorum
538 528 670 563 animos
689 527 853 568 restituit;
881 528 969 562 adeo
990 533 1026 562 ut
1045 528 1077 562 in
1105 528 1241 563 ordines
1264 529 1397 564 reducti
1425 529 1543 565 sensim
1570 532 1613 572 se,
1635 538 1669 565 et

259 590 333 619 tuto
352 586 555 632 receperint.
610 586 757 621 Gratum
775 586 809 621 id
830 586 969 629 Ofellio,
999 599 1062 621 nec
1081 587 1268 634 quicquam
1293 588 1466 636 deinceps,
1495 601 1537 624 eo
1556 589 1670 624 incon—

255 643 351 684 sulto,
371 644 403 678 in
423 657 465 679 ea
483 645 657 692 provincia
675 645 831 680 tentavit.
887 645 924 680 In
944 658 1012 693 quo
1032 651 1065 680 et
1084 646 1167 680 illud
1186 646 1307 681 merito
1336 647 1541 690 laudaveris,
1572 649 1665 695 quod

254 714 453 750 quanquam
481 704 619 751 injussus
648 710 681 739 et
712 704 904 751 neglectus,
934 711 1050 739 tamen
1083 705 1276 740 succurrere
1306 705 1462 742 voluerit.
1516 707 1572 742 De
1599 720 1667 755 quo

258 761 339 795 illud
357 775 364 796 ι

520 880 635 921 Quam
654 880 744 915 bello
763 879 845 914 mihi
864 886 1022 927 prompta
1040 892 1174 921 manus,
1197 881 1379 916 Suintonia
1397 882 1498 922 dicat,

571 939 660 974 Cum
680 940 790 974 versos
812 938 933 974 Gallos
952 940 1035 975 vidit
1053 946 1087 974 et
1106 940 1163 974 illa
1182 940 1334 988 equitem

523 998 722 1033 Scotorum:
752 997 930 1040 Insultare,
951 998 1074 1033 instare
1093 999 1126 1033 in
1146 1005 1244 1046 terga
1262 1005 1418 1035 catervas

570 1056 732 1097 Hostiles,
751 1056 808 1091 sed
827 1069 891 1092 nec
904 1057 978 1104 jam
997 1058 1082 1104 fuga
1100 1063 1175 1093 tuta
1194 1059 1293 1093 foret.

520 1116 637 1162 Atque
657 1116 789 1163 aliquis,
810 1128 863 1150 res
883 1116 1022 1158 excisas,
1043 1123 1093 1151 tot
1113 1116 1218 1151 millia
1236 1117 1335 1152 morti

569 1174 725 1215 Tradita,
744 1175 777 1210 se
796 1175 949 1222 elapsum
968 1176 1022 1210 vix
1041 1188 1194 1223 quoque,
1214 1182 1336 1218 narret,
1354 1188 1458 1224 equo.

519 1232 577 1268 Ne
596 1234 695 1274 foret,
714 1233 843 1276 adsum,
864 1246 989 1281 meque
1009 1246 1087 1269 acer
1107 1234 1324 1282 hastatasque
1343 1247 1498 1270 meorum

567 1292 705 1339 Objicio
724 1300 873 1328 turmas:
901 1293 1078 1340 eripioque
1097 1294 1173 1328 neci

521 1351 639 1398 Atque
658 1352 751 1398 fugae
770 1352 859 1399 turpi
879 1352 1044 1387 cunctos:
1072 1352 1095 1386 fi
1114 1353 1222 1399 prisca
1241 1352 1379 1388 daretur

568 1410 697 1452 Civica,
719 1416 840 1458 quotta
859 1411 939 1445 mil1i
959 1410 1065 1458 digna
1083 1423 1211 1446 corona
1228 1412 1321 1446 venit
1336 1413 1350 1446 ?

519 1468 577 1504 Sic
595 1469 681 1504 alias
699 1481 767 1504 non
787 1469 996 1517 degenerem
1014 1482 1069 1504 me
1091 1470 1227 1510 Tueda,
1246 1470 1409 1518 videtque

565 1528 706 1576 Anglia,
725 1528 769 1563 fic
787 1528 907 1563 dextra
925 1528 990 1563 hac
1008 1541 1063 1564 me
1082 1529 1238 1565 meruiffe
1256 1530 1353 1564 mori.

519 1586 592 1627 Sat,
611 1587 732 1634 patria,
753 1587 948 1622 obtuleram
966 1587 1071 1622 vitam
1090 1588 1174 1631 tibi;
1195 1600 1335 1636 parcere
1356 1588 1496 1624 Mavors

565 1646 700 1688 Maluit,
724 1652 758 1681 et
776 1646 895 1694 patriae
914 1646 1027 1681 mitior
1046 1647 1138 1682 alma
1155 1647 1265 1695 quies.

302 1763 406 1799 Certe
425 1769 505 1799 ante
523 1763 597 1810 ejus
615 1763 802 1798 adventum
820 1763 909 1798 adeo
938 1764 1061 1811 trepidi
1080 1765 1243 1812 fugerant
1269 1770 1307 1800 ut
1324 1764 1457 1812 periisse
1485 1766 1601 1801 omnia
1619 1766 1666 1800 di-

251 1829 377 1865 cerent,
398 1829 432 1858 et
454 1822 768 1858 WVedderburniam
795 1835 910 1858 arcem
939 1824 1155 1870 praetervecti
1184 1824 1351 1865 nonnulli,
1379 1831 1547 1872 negarent
1575 1825 1667 1860 illam

252 1882 329 1917 satis
348 1881 492 1922 firmum,
511 1881 670 1916 adversus
691 1881 837 1916 hostium
856 1882 1091 1929 ingruentium
1110 1882 1190 1923 vim,
1210 1883 1472 1919 munimentum.

303 1939 387 1974 Erat
418 1941 532 1982 etiam,
565 1940 658 1987 quod
686 1940 728 1975 de
761 1940 897 1975 Achille
926 1940 1110 1983 Homerus,
1137 1940 1243 1981 Ποδας
1267 1956 1357 1982 aanor,
1388 1942 1534 1990 pedibus
1565 1943 1666 1978 celer.

256 1997 353 2033 Unus
382 1998 552 2034 Robertus
573 1999 733 2039 Humius,
754 1999 949 2034 Blacadarii
976 1999 1112 2043 nothus,
1132 2001 1180 2035 vir
1207 2001 1401 2036 fortiffimus
1427 2000 1523 2036 fimul
1554 2008 1588 2037 et
1606 2002 1666 2037 mi-

253 2057 401 2099 tiffimus,
422 2057 525 2093 factis
551 2057 700 2105 insignis,
727 2063 761 2092 et
787 2058 960 2093 factorum
987 2058 1174 2094 ostentator
1202 2060 1314 2107 (quod
1341 2071 1454 2095 rarum
1480 2060 1546 2107 est)
1575 2060 1666 2095 haud

253 2116 374 2155 minor,
393 2115 453 2151 sub
472 2116 605 2151 initium
623 2117 737 2152 cursus
762 2117 936 2164 aequabat,
967 2124 1026 2152 aut
1053 2118 1198 2165 praeibat
1228 2118 1398 2153 interdum
1425 2119 1469 2154 ad
1496 2124 1667 2154 trecentos

255 2174 378 2221 paffus,
394 2180 466 2209 tum
484 2174 666 2210 deficiebat
685 2188 725 2210 ac
744 2175 902 2210 cedebat.
957 2175 1061 2211 Hunc
1081 2177 1208 2211 amavit
1227 2177 1356 2213 summe
1375 2177 1419 2212 ob
1433 2177 1666 2212 fortitudinem

254 2240 288 2267 et
307 2233 566 2275 humanitatem,
587 2239 621 2268 et
639 2245 706 2268 non
725 2233 877 2269 diffimile
897 2235 1073 2282 ingenium
1093 2236 1137 2270 ad
1156 2248 1226 2270 rem
1241 2236 1353 2272 minus
1367 2242 1548 2277 attentum,
1566 2235 1667 2270 adeo-

254 2304 321 2338 que
340 2298 501 2327 venatum
520 2292 634 2327 secum
653 2292 813 2335 ducebat,
833 2294 946 2341 operis
964 2294 1095 2330 rusticis
1113 2294 1174 2329 fibi
1193 2294 1328 2330 interim
1347 2294 1520 2342 permistis.
1577 2293 1666 2329 Cum
