1922 2767
260 291 305 328 66
706 290 774 325 DE
803 290 1023 326 FAMILIA
1053 290 1225 326 HUMIA

263 396 376 437 causa,
397 394 538 429 dedisset
554 408 560 429 :
582 393 638 429 sed
654 394 851 429 moderatus
866 394 1009 436 animus,
1026 400 1060 428 et
1074 394 1131 428 irae
1146 400 1350 441 temperans,
1367 395 1497 429 exorari
1513 395 1545 429 se
1565 393 1676 441 pafi'us

265 453 313 488 est
339 453 382 488 ab
410 453 546 488 Joanne
577 452 745 494 Simsono‚
766 452 835 486 fido
855 458 889 487 et
916 452 1070 499 pueritiae
1095 453 1237 492 famulo,
1259 453 1404 487 Garneri
1429 458 1590 500 cognato,
1618 453 1675 497 qui

268 525 328 559 pro
348 524 389 547 eo
409 511 578 546 duriffima
597 511 749 552 timente,
771 523 811 545 ac
834 511 978 545 multum
1007 516 1151 558 rogante
1171 511 1417 558 suppliciffime,
1438 518 1471 546 et
1490 512 1677 558 spondente

265 571 438 618 praeclara,
474 569 663 611 interceffit,
700 569 916 616 obtinuitque
952 577 988 603 ut
1026 569 1099 616 post
1140 569 1279 616 aliquod
1313 576 1448 616 ternpus
1492 572 1677 617 (quantum

265 630 345 664 satis
381 629 463 663 ess'et
497 628 674 663 ostendere
705 628 786 662 nihil
818 628 952 675 patroni
982 634 1076 663 metu
1107 627 1318 675 concessum)
1350 628 1529 663 incolumis
1560 628 1679 663 demit-

266 694 405 723 teretur.

316 746 398 780 Non
426 746 547 780 eadem
574 757 657 792 erga
686 745 897 780 Gulielmum
923 745 1088 785 Grevum,
1112 744 1263 791 ejusdem
1292 745 1479 780 Alexandri
1508 745 1678 786 clientem,

266 805 434 839 latronem
453 804 628 851 insignem,
650 804 832 838 clementia
850 804 926 844 fuit,
946 816 1059 851 quem,
1081 803 1203 838 eadem
1223 804 1380 838 clientela
1401 804 1575 843 confisum,
1591 816 1681 838 com-

267 863 433 910 prehendi
460 863 600 902 curavit,
628 870 660 896 et
689 862 732 896 ad
759 874 938 909 proregem
966 862 1112 904 deduci3
1150 861 1193 896 ab
1221 874 1263 896 eo
1290 862 1456 896 latrocinii
1488 862 1680 904 damnatus,

269 923 408 956 meritas
442 920 577 968 legibus
620 933 740 967 poenas
772 920 876 962 dedit,
921 920 1066 954 multum
1102 921 1259 967 ringente
1290 927 1444 967 patrono,
1481 920 1538 954 sed
1567 926 1603 954 ut
1633 922 1682 955 sa-

271 981 334 1015 cile
356 985 547 1027 appareret,
575 991 678 1026 quam
705 991 825 1025 parum
847 978 989 1025 praefidii
1009 978 1121 1025 (quod
1148 979 1383 1025 quaerebatur)
1412 979 1444 1013 in
1472 991 1590 1013 eorum
1615 979 1684 1013 ullo

271 1045 391 1074 contra
410 1051 488 1074 eum
506 1038 641 1085 legibus
659 1038 786 1079 nixum,
802 1037 875 1084 jam
894 1036 975 1072 efl'et
996 1037 1078 1083 (nec
1097 1037 1187 1071 enim
1202 1038 1345 1084 usquam
1365 1050 1384 1071 a
1401 1038 1478 1084 jure
1498 1044 1531 1072 et
1548 1037 1684 1085 legibus

274 1105 332 1134 aut
361 1099 429 1145 ipse
449 1097 656 1137 declinabat,
679 1101 738 1130 aut
761 1096 896 1130 suorum
923 1107 1124 1142 quenquam
1151 1095 1324 1130 declinare
1350 1095 1462 1142 paffus
1481 1096 1547 1142 est)
1565 1110 1574 1138 ;
1595 1097 1685 1131 unde

273 1164 306 1192 et
333 1157 430 1192 bonis
460 1163 588 1203 gratus,
621 1161 654 1189 et
681 1154 843 1189 maleficis
874 1154 992 1188 terrori
1027 1154 1093 1188 effe
1124 1153 1238 1200 coepit.
1305 1153 1353 1188 At
1387 1153 1479 1188 haud
1513 1160 1685 1195 accurata,

274 1217 366 1251 dicat
385 1215 519 1262 aliquis,
534 1214 672 1261 justitiae
691 1213 764 1248 haec
783 1225 914 1255 norma,
936 1225 1013 1259 quae
1032 1212 1178 1247 affectus
1197 1212 1314 1259 ponit3
1344 1218 1377 1247 et
1396 1213 1491 1259 ponit
1510 1213 1611 1255 sane3
1631 1213 1688 1247 sed

274 1275 469 1310 occasiones
499 1286 566 1307 non
594 1272 700 1319 ponit,
728 1272 795 1306 imo
823 1277 951 1319 captat.
1005 1271 1051 1305 Et
1082 1271 1157 1318 quis
1184 1271 1275 1306 dicat
1300 1272 1478 1318 privatisue
1506 1271 1687 1307 affectibus

271 1334 402 1381 justitia
430 1332 612 1373 indulserit,
634 1344 676 1365 an
699 1331 838 1377 justitiae
863 1343 904 1365 ex
931 1330 995 1365 illis
1014 1330 1226 1365 occasionem
1246 1330 1441 1377 sumpserit:
1468 1330 1531 1364 fuit
1550 1330 1689 1377 quidem

274 1401 410 1439 teinpus
429 1404 505 1426 cum
526 1390 707 1425 affectibus
721 1390 887 1437 justitiam
903 1389 1090 1424 obtendere
1110 1389 1153 1424 ad
1172 1389 1299 1424 famam
1320 1389 1402 1424 utile
1420 1390 1554 1431 suerat3
1581 1395 1690 1424 muta—

276 1459 319 1486 tae
338 1464 390 1485 res
410 1451 494 1491 sunt,
516 1456 550 1484 et
568 1461 609 1483 eo
629 1448 732 1484 evasit
751 1449 816 1483 lioc
835 1448 995 1490 seculum,
1012 1454 1049 1482 ut
1064 1447 1356 1494 affe&iisji1stitiae
1371 1448 1476 1482 amori
1491 1448 1692 1494 pretendere

277 1510 321 1545 ad
347 1508 536 1557 prudentiae
563 1508 691 1542 famam
716 1507 848 1542 necesse
873 1506 922 1547 fit,
950 1519 1028 1541 cum
1047 1506 1212 1553 justitiam
1237 1506 1281 1541 ob
1306 1507 1338 1541 se
1358 1506 1462 1540 solam
1480 1506 1584 1553 sequi,
1606 1506 1691 1540 sata-

278 1568 404 1615 gentiae
431 1566 607 1607 habeatur,
637 1578 707 1600 rein
732 1566 899 1613 privatam
923 1578 1052 1605 curare,
1075 1571 1109 1600 et
1142 1565 1279 1612 injurias
1301 1565 1484 1605 vindicare,
1503 1565 1692 1611 prudentiae

279 1634 312 1662 et
331 1625 635 1673 magnanimitatis.
690 1625 738 1658 At
764 1624 882 1658 datum
901 1623 956 1658 hic
975 1623 1105 1670 aliquid
1123 1624 1274 1664 affectui,
1295 1629 1331 1658 ut
1349 1623 1438 1658 hunc
1457 1623 1569 1670 potius
1588 1635 1691 1670 quam

281 1685 375 1720 illum
402 1685 531 1718 sontem
559 1690 593 1717 et
620 1683 822 1718 sceleratum
849 1682 1012 1729 supplicio
1033 1682 1249 1717 afficiendum
1274 1683 1414 1716 curavit.
1468 1681 1562 1722 Esto,
1578 1688 1612 1716 at
1635 1694 1692 1716 ne-

280 1744 373 1785 mini,
389 1742 448 1777 nisi
462 1742 613 1781 scelesto,
628 1753 767 1776 manum
783 1740 926 1775 intulisse
943 1740 1102 1787 ajustitia
1115 1740 1297 1775 necessario
1310 1740 1369 1775 est.
1411 1740 1574 1788 Optanda
1589 1753 1692 1788 quam

282 1801 522 1849 perfectissima
550 1800 688 1847 quidem
713 1799 922 1846 ubicunque,
946 1806 1061 1834 tamen
1085 1799 1137 1833 vel
1163 1799 1238 1834 talis
1257 1800 1289 1833 in
1309 1799 1439 1846 privato
1458 1799 1549 1833 haud
1568 1799 1694 1834 fastidi—

283 1861 382 1902 enda,
410 1860 477 1894 imo
505 1866 538 1894 et
564 1858 748 1894 laudanda.
805 1858 895 1893 Cum
914 1857 1051 1904 publico
1071 1870 1211 1892 munere
1230 1857 1346 1904 postea
1364 1858 1504 1892 functus
1523 1858 1581 1900 est,
1602 1859 1695 1905 quod

283 1919 411 1966 publici
436 1924 508 1953 erat
532 1918 681 1952 muneris
706 1917 800 1964 egit3
829 1916 1119 1950 indiscriminatim
1139 1928 1267 1957 omnes,
1288 1922 1360 1950 tum
1378 1916 1502 1956 hostes,
1521 1923 1593 1951 tum
1613 1918 1695 1952 ami-

285 1990 354 2019 cos,
384 1989 483 2023 {equa
509 1976 607 2011 lance
631 1974 821 2022 pensitavit,
845 1987 936 2009 nunc
960 1975 1110 2021 privatus
1137 1974 1302 2021 privatam
1317 1975 1494 2021 justitiam,
1514 1976 1645 2022 privato
1664 1983 1695 2010 et

285 2036 441 2083 legitimo
459 2034 562 2069 modo
581 2033 788 2075 exercebat3
816 2033 874 2067 sed
898 2039 981 2075 erat,
1006 2033 1098 2080 quod
1117 2033 1278 2080 sequitur,
1297 2034 1435 2068 summae
1454 2034 1696 2069 moderationis

287 2102 321 2130 et
339 2093 615 2141 aequanimitatis‚
636 2105 713 2127 cum
732 2091 913 2139 prudentia
931 2091 1147 2138 conjunctam
1173 2098 1206 2126 et
1234 2091 1325 2138 quod
1350 2092 1401 2126 vel
1422 2092 1528 2126 solum
1547 2092 1697 2132 testetur,

288 2153 538 2193 abhorrentem,
560 2164 579 2186 a
598 2151 722 2186 scelere
741 2156 774 2185 et
793 2150 957 2197 sanguine
977 2149 1161 2191 hominum,
1182 2150 1283 2184 facile
1302 2150 1518 2197 placabilem,
1544 2163 1608 2186 nec
1627 2151 1698 2185 vin-

288 2213 390 2247 dictae
404 2211 503 2245 nimis
518 2210 691 2257 cupidum.
723 2209 897 2243 Statuerat
911 2208 1037 2243 molam
1052 2209 1247 2255 aquaticam
1263 2209 1306 2243 ad
1322 2209 1434 2256 Ayum
1448 2222 1583 2244 amnem
1596 2209 1698 2256 paulo

289 2272 376 2306 infra
398 2272 573 2317 Aytonum
591 2268 782 2310 aedificare;
803 2273 835 2302 et
852 2274 1003 2301 creverat
1017 2266 1089 2313 jam
1108 2279 1205 2314 opus,
1221 2274 1251 2301 et
1272 2267 1451 2302 aedificium
1471 2268 1514 2302 ad
1533 2268 1698 2302 summum

291 2329 495 2377 perductum
515 2334 597 2368 erat,
612 2327 693 2374 quin
713 2333 745 2362 et
765 2326 931 2366 canalem,
945 2331 978 2361 et
997 2326 1254 2372 aquae-ductum
1274 2327 1475 2373 perfecerat,
1489 2332 1522 2361 et
1540 2327 1698 2361 frumenti
