1922 2767
685 275 1198 314 WEDDERBURNENSI.
1609 285 1655 322 29

236 380 300 427 (fic
317 385 441 415 vocant
459 379 662 427 proximum,
681 380 768 414 inter
786 381 903 427 primae
931 380 1119 417 nobilitatis
1139 381 1238 424 viros,
1258 382 1449 430 haeredem)
1472 384 1579 420 Haliss
1598 385 1653 420 sti-

234 450 313 485 pem
333 437 568 485 efflagitabat3
589 443 624 472 et
639 443 720 473 tunc
738 438 916 473 hominum
935 440 1148 475 sermonibus
1169 447 1302 483 notato,
1323 448 1357 476 et
1372 442 1478 477 nobili
1498 444 1530 477 in
1550 456 1651 479 omne

232 508 341 532 aevum
361 496 519 543 exemplo
534 509 543 537 3
561 496 714 531 hostibus
733 497 820 532 adeo
840 498 1050 540 miserabilis,
1072 506 1108 533 ut
1128 499 1281 534 Joannes
1311 499 1462 536 Humius
1484 501 1651 537 Blacada-

231 556 309 597 rius,
329 555 466 590 obviam
485 556 573 590 forte
591 555 715 597 faetus,
737 568 757 590 a
775 555 900 591 cliente
915 556 1120 600 admonitus,
1138 558 1265 593 debere
1284 559 1328 593 ob
1349 559 1438 594 hanc
1456 560 1560 607 ipsam
1580 560 1649 595 Da-

227 614 314 649 vidis
333 614 462 650 caedem
481 614 523 649 de
542 627 584 649 eo
603 614 768 649 ultionem
787 615 882 657 sumi,
903 615 1079 651 subridens
1098 617 1318 664 responderit,
1340 622 1362 638 “
1375 630 1444 665 quo
1463 618 1520 653 ille
1537 619 1648 653 officio

229 680 363 708 tantum
382 673 425 708 de
443 680 477 708 te
497 673 645 708 meruit?
674 673 743 707 imo
762 673 864 713 vivat,
888 686 957 721 qua
975 674 1100 721 dignus
1119 675 1179 715 est,
1198 676 1289 710 omni
1309 683 1418 711 morte
1437 677 1648 712 acerbiorem

227 734 343 774 vitam,
363 745 467 779 quarn
486 733 516 768 ei
532 744 633 767 nemo
652 733 752 767 sanus
771 733 964 768 inviderit.”
1010 733 1089 768 Nec
1109 734 1250 769 meliore
1269 735 1341 769 fato
1360 736 1470 771 functi
1492 737 1646 771 seruntur

226 792 359 827 sceleris
378 791 468 832 socii,
486 791 716 833 Chirnefidus,
738 791 913 833 Nisbetus,
934 798 968 827 et
989 791 1145 828 Hetlaeus
1165 792 1429 834 Mellerstonus3
1449 794 1538 829 male
1558 796 1644 842 peri-

225 851 283 886 iss'e
302 863 432 890 omnes,
452 863 597 897 quorum
616 862 706 885 nunc
725 863 865 898 quoque
884 852 1094 886 execrationi
1108 852 1275 887 memoria
1290 853 1349 893 est,
1369 865 1432 888 nec
1451 854 1642 901 quisquam,

225 910 284 945 nifi
299 922 376 945 curn
404 909 593 957 ignominia
619 917 652 944 et
679 909 906 945 detestatione
937 910 981 945 ob
1011 911 1212 953 innocentis,
1233 911 1277 947 fic
1308 911 1480 947 Davidem
1507 919 1641 954 vocant,

223 969 354 1005 caedem
372 969 488 1016 vulgo,
508 981 550 1003 ea
569 969 600 1003 in
618 969 769 1016 regione,
791 968 904 1004 adhuc
923 982 1041 1004 eorum
1068 970 1234 1012 meminit,
1256 971 1438 1006 sceleratos
1453 971 1642 1019 proditores

222 1028 466 1075 nuncupando.

284 1088 401 1135 Atque
439 1087 523 1126 haec,
563 1094 598 1121 ut
633 1099 686 1121 res
721 1087 854 1134 plenius
889 1088 1041 1122 omnium
1077 1088 1185 1123 oculis
1220 1088 1467 1129 obversaretur,
1504 1096 1640 1136 praeter-

223 1147 335 1182 eunda
355 1159 423 1181 non
442 1153 561 1189 erant;
591 1153 627 1180 ut
654 1146 835 1181 redeamus
861 1146 952 1181 unde
979 1146 1113 1194 digreffi
1144 1148 1269 1182 sumus.
1323 1147 1389 1183 His
1416 1148 1566 1195 egregiis
1591 1150 1640 1183 fa-

221 1205 393 1241 cinoribus
421 1205 634 1252 perpetratis,
664 1205 800 1239 securus
822 1205 894 1252 jam
920 1205 963 1240 ab
993 1206 1085 1240 omni
1114 1213 1211 1241 motu
1242 1206 1391 1242 Albinus
1422 1207 1455 1242 in
1486 1207 1639 1242 Galliam

221 1265 385 1311 navigat3
415 1270 495 1298 ante
515 1263 646 1298 abitum
666 1263 813 1310 reliquit,
834 1264 892 1311 qui
912 1264 1051 1299 summae
1070 1265 1117 1299 rei
1144 1265 1333 1312 praeessent,
1356 1265 1530 1313 Angufiae,
1553 1266 1639 1301 Ara-

218 1325 296 1363 niae,
318 1323 493 1358 Huntileae
521 1323 675 1362 comites,
696 1322 887 1370 Episcopos
906 1323 977 1357 fani
998 1323 1149 1358 Andreae
1177 1330 1213 1358 et
1233 1324 1409 1372 Glasguae,
1429 1325 1486 1359 sed
1513 1325 1570 1372 qui
1598 1325 1637 1358 iis

219 1382 399 1423 interesset,
420 1388 454 1416 et
480 1380 575 1428 quafi
602 1381 766 1428 praeess'et,
788 1381 954 1416 Bautium
978 1381 1132 1423 Gallum,
1151 1395 1255 1430 quem
1284 1383 1451 1423 diximus3
1478 1383 1636 1430 adeoque

218 1442 376 1477 custodes
398 1440 520 1475 Gallos
548 1439 822 1482 Britannoduno,
845 1440 1036 1483 Dumbaro,
1060 1441 1206 1482 Carviae,
1234 1442 1320 1477 inter
1338 1443 1530 1490 praecipuas
1552 1443 1634 1477 Sco-

216 1502 285 1541 tiae,
305 1500 440 1535 arcibus
455 1499 625 1547 imposuit,
644 1500 775 1534 summa
793 1500 946 1534 omnium
965 1500 1214 1547 indignatione.
1268 1500 1347 1536 Nec
1365 1501 1431 1536 hoc
1446 1501 1634 1536 nobilitatis

217 1565 429 1607 contemptu,
447 1571 512 1594 nec
531 1559 644 1606 gentis
671 1558 890 1606 indignitate,
908 1571 972 1594 nec
1000 1559 1087 1594 tanti
1105 1560 1166 1594 viri
1195 1572 1235 1594 ac
1261 1560 1404 1594 fratrum
1432 1560 1526 1595 caede
1553 1572 1633 1595 con-

212 1627 338 1659 tentus,
360 1618 554 1658 Loffiianae,
582 1618 700 1665 primae
727 1618 760 1652 in
791 1617 909 1653 Scotia
937 1618 1131 1665 provinciae,
1161 1631 1239 1653 cum
1259 1618 1440 1654 Dumbaro
1469 1631 1546 1654 arce
1574 1619 1632 1654 ubi

212 1685 378 1720 maneret,
399 1677 556 1712 orientali
583 1684 617 1712 et
644 1676 805 1712 mediano
834 1677 1012 1717 limitibus,
1032 1677 1175 1713 Merciae
1201 1683 1235 1712 et
1257 1677 1436 1720 Teviotiae,
1457 1690 1535 1725 quae
1556 1677 1629 1712 Hu-

211 1739 269 1773 mii
288 1737 482 1785 procuratio
501 1736 675 1784 praecipua
703 1736 778 1778 fuit,
800 1736 965 1771 Bautium
995 1737 1161 1784 praefecit,
1189 1736 1294 1771 etiam
1314 1736 1480 1771 Humiam
1507 1737 1537 1772 ei
1557 1737 1626 1779 dat,

209 1809 324 1844 quarn,
343 1795 437 1844 quafi
455 1796 489 1830 in
516 1795 590 1843 ejus
616 1795 730 1842 gentis
748 1795 880 1830 cervice
908 1795 1111 1842 impositam,
1131 1808 1209 1830 curn
1237 1796 1304 1830 suis
1331 1795 1442 1831 Gallis
1472 1795 1626 1843 praesidio

209 1863 364 1897 teneret3
384 1867 425 1890 ex
445 1867 523 1902 qua,
544 1860 582 1889 ut
600 1854 857 1901 circumjacenti
875 1854 1008 1902 regioni
1035 1855 1134 1889 altior
1153 1855 1319 1895 imminet,
1338 1854 1433 1901 quasi
1452 1867 1470 1890 e
1489 1855 1626 1902 specula

210 1928 269 1951 eos
287 1915 505 1962 despiciebat,
527 1927 578 1956 ac,
598 1914 839 1961 triumphantis
858 1914 891 1949 in
915 1913 1067 1956 modum,
1089 1913 1250 1961 principis
1268 1914 1408 1949 familiae
1426 1914 1557 1949 caedem
1577 1915 1626 1949 os—

208 1973 376 2015 tentabat,
396 1980 466 2008 tam
485 1973 573 2020 ipsos
600 1973 799 2020 subjugum
825 1972 939 2007 missos
965 1972 1209 2020 exprobrabat.
1264 1972 1302 2007 Id
1323 1972 1495 2007 Davidem
1517 1972 1623 2008 Wed-

209 2033 429 2068 derburnium
446 2032 601 2080 quotidie
619 2039 698 2067 ante
717 2032 836 2067 oculos
855 2044 994 2067 cernere
1022 2031 1226 2080 oportebat;
1255 2038 1288 2067 et
1317 2038 1353 2066 ut
1371 2038 1445 2067 erat
1471 2032 1622 2079 genuina

207 2091 381 2138 sanguinis
399 2091 653 2138 conjunctione,
674 2097 708 2126 et
726 2091 814 2133 loco,
835 2097 869 2126 et
888 2090 1096 2126 auctoritate
1117 2090 1317 2126 Alexandro
1339 2091 1524 2138 proximus,
1545 2103 1622 2138 gra·

205 2150 331 2185 vissime
351 2150 496 2184 afficere.
550 2149 715 2197 Angebat
742 2150 892 2198 ingentis
918 2149 1022 2185 animi
1040 2150 1161 2190 virum,
1180 2155 1214 2184 et
1233 2149 1415 2197 propinqui
1435 2149 1559 2190 caedes,
1586 2156 1618 2184 et

205 2209 320 2243 eversa
340 2220 380 2243 ac
395 2208 581 2255 proscripta
598 2209 739 2252 familia,
753 2215 787 2244 et
800 2209 905 2244 decus
919 2209 1042 2257 gentis,
1063 2209 1230 2256 suumque
1250 2221 1290 2243 ac
1309 2208 1464 2243 omnium
1482 2209 1615 2255 pericu-

203 2269 286 2307 lum,
306 2267 395 2302 idern
414 2266 582 2308 omnibus,
603 2267 741 2314 quando
753 2268 856 2303 vellet
873 2268 1005 2311 Gallus,
1026 2267 1190 2315 paffuris3
1210 2267 1284 2302 haec
1299 2268 1367 2302 odii
1382 2267 1522 2314 privatae
1537 2279 1617 2301 cau-

204 2329 257 2368 sae,
279 2325 492 2361 accedebant
516 2325 673 2373 publieae.
728 2326 926 2363 Gemebant
943 2327 1100 2362 miseram
1120 2326 1180 2362 sub
1207 2332 1324 2362 extero
1343 2326 1537 2361 servitutem
1556 2325 1615 2360 ho-
