1922 2767
900 656 955 683 DE

564 818 936 874 FAMILIA
992 816 1285 872 HUMIA

669 995 1179 1038 WEDDERBURNENSI.

530 1215 646 1239 DAVID
666 1215 801 1238 PRIMUS
819 1213 1111 1238 WEDDERBURNII
1131 1213 1308 1237 REGULUS.

220 1313 382 1348 lxmam
402 1324 469 1347 non
496 1324 562 1347 aere
588 1312 733 1351 affiaas,
752 1317 810 1346 aut
830 1317 901 1346 arte
920 1310 1031 1358 pi&as
1049 1310 1229 1357 imagines,
1248 1309 1304 1344 sed
1324 1309 1403 1344 satis
1425 1307 1575 1343 obscuris
1593 1307 1629 1342 li-

217 1378 366 1406 terarum
385 1377 444 1406 aut
462 1370 635 1405 memoriae
654 1370 884 1404 monumentis
902 1375 1016 1404 erutas
1035 1381 1104 1416 qua
1128 1373 1256 1410 extant,
1278 1367 1359 1402 dum
1378 1366 1551 1402 delineare
1569 1365 1630 1401 tibi

216 1431 315 1471 nitor,
351 1430 442 1465 haud
478 1430 521 1465 ab
557 1442 621 1463 ovo
648 1429 797 1476 gemino,
829 1428 922 1475 quod
952 1428 1057 1469 aiunt,
1097 1427 1178 1462 Bari
1214 1427 1312 1474 prisci
1347 1426 1537 1467 stemmate,
1566 1437 1630 1460 nec

216 1489 307 1524 illinc
325 1489 478 1524 deducto
493 1488 749 1523 Dumbarorum
762 1487 900 1522 nomine
920 1487 1074 1534 antiquo,
1090 1486 1255 1521 comitum
1272 1485 1416 1521 Marciae
1430 1490 1545 1533 gente,
1559 1496 1630 1519 rem

216 1547 398 1583 deducam.
454 1547 657 1583 Scribuntur
676 1547 744 1586 illa,
763 1553 800 1581 ut
819 1545 943 1586 audeo,
963 1545 1017 1592 alij
1039 1545 1213 1593 prolixius,
1235 1550 1268 1580 et
1288 1543 1499 1586 scribantur3
1528 1543 1629 1590 hujus

216 1619 282 1655 ego
301 1607 335 1641 in
354 1619 440 1653 opus
458 1619 525 1641 non
545 1606 710 1647 invasero,
731 1605 789 1640 sed
817 1617 881 1640 nec
908 1610 1050 1639 caeteros
1070 1603 1209 1638 Humiae
1228 1603 1367 1639 familiae
1394 1614 1550 1650 proavos,
1571 1601 1630 1649 qui

217 1672 296 1701 ante
311 1665 498 1701 deductam
518 1665 596 1699 inde
609 1670 704 1699 tuam
718 1664 832 1699 locum
851 1669 1002 1698 tenuere.
1050 1663 1258 1698 Communia
1269 1662 1327 1697 illa
1342 1663 1426 1704 sunt,
1444 1660 1630 1708 peculiaria

220 1724 506 1760 Wedderburniae
525 1724 646 1758 domus
673 1724 855 1770 attingere,
874 1722 956 1757 mihi
984 1722 1117 1757 animus
1136 1721 1207 1764 est3
1236 1721 1293 1756 ubi
1312 1721 1391 1756 satis
1409 1720 1447 1755 fit
1466 1720 1631 1755 admonu-

217 1783 284 1822 iffe.
304 1783 399 1818 fama
416 1783 579 1817 traditum
601 1782 680 1822 ess'e,
699 1782 832 1817 comitis
853 1781 996 1816 Marciae
1021 1781 1137 1820 filium,
1167 1793 1244 1815 curn
1271 1780 1304 1815 in
1332 1779 1518 1815 certamine
1547 1777 1630 1813 Gal-

218 1843 288 1877 lum
306 1842 479 1890 quendam
506 1854 660 1889 pugnam
688 1840 839 1888 undique
867 1846 1078 1888 quaerentem
1106 1839 1302 1887 superaffet,
1325 1851 1345 1873 a
1373 1844 1482 1886 patre,
1501 1837 1632 1872 virtutis

218 1913 314 1948 ergo,
333 1901 597 1947 Humofumlo,
616 1899 674 1934 ubi
693 1912 784 1934 nunc
803 1899 876 1946 ejus
894 1899 1041 1934 nominis
1061 1911 1120 1933 arx
1149 1898 1208 1941 est,
1230 1898 1408 1938 donatum,
1432 1904 1466 1932 et
1487 1897 1592 1943 vulgo
1612 1909 1632 1930 a

218 1960 295 1994 loco
311 1959 477 1995 Humium
492 1960 702 2007 usurpatum,
718 1971 842 1993 nomen
858 1958 901 1993 ad
920 1958 1072 2005 posteros
1084 1957 1294 1992 transmififl'e
1309 1971 1316 1991 :
1337 1969 1401 1991 nec
1416 1956 1546 1991 affirmo
1562 1967 1631 1990 rem

220 2031 284 2053 nec
302 2019 432 2053 refello.
488 2018 589 2053 Hanc
607 2018 736 2052 famam
752 2018 855 2065 vulgo
869 2017 1041 2064 jactatam
1054 2029 1122 2051 non
1137 2016 1250 2051 habeo
1265 2028 1334 2064 quo
1349 2016 1506 2057 refutem,
1526 2026 1631 2062 quan-

221 2089 325 2125 quam
344 2077 386 2112 ad
406 2077 507 2112 aliam
525 2077 638 2124 potius
657 2076 799 2116 accedo,
819 2088 896 2124 quae
915 2076 1065 2123 antiquis
1083 2075 1314 2110 monumentis
1333 2074 1446 2110 adhuc
1464 2073 1630 2108 manenti-

221 2136 285 2171 bus
304 2135 544 2178 confirmatum
574 2135 769 2182 Philippum
788 2134 963 2182 quendam
982 2135 1150 2182 exlegem,
1171 2139 1369 2181 contempto
1388 2145 1470 2180 rege
1489 2138 1522 2167 et
1541 2131 1630 2179 lege,

222 2195 343 2243 quales
361 2194 418 2229 illa
433 2200 516 2229 aetas
533 2206 600 2228 non
629 2206 759 2241 paucos
785 2194 889 2229 etiarn
916 2194 1003 2229 inter
1023 2193 1158 2241 Anglos
1185 2193 1273 2233 tulit,
1301 2198 1433 2227 tantam
1460 2197 1631 2226 catervam

223 2253 350 2289 duxisse
368 2252 549 2295 latronum,
569 2258 606 2287 ut
624 2251 683 2287 nifi
696 2252 788 2299 justo
807 2253 958 2288 exercitu
977 2265 1044 2287 non
1063 2252 1170 2300 pofl'et
1184 2252 1271 2299 capi,
1293 2257 1398 2298 atque
1421 2251 1507 2285 inter
1526 2249 1631 2295 sylvas
