1922 2767
652 274 1164 312 WEDDERBURNENSI.
1568 282 1613 317 59

248 382 299 417 Ita
326 382 404 417 sane
432 386 514 423 erat,
540 386 574 416 et
601 381 704 428 genio
729 380 852 422 similis,
880 386 914 415 et
932 381 1109 416 admonita
1128 387 1164 416 ut
1184 381 1226 417 de
1244 387 1353 417 matre
1372 383 1608 430 interrogaret,

196 447 240 482 et,
266 441 346 488 quid
371 440 512 488 quisque
536 440 703 480 laudaret,
723 439 1019 482 animadverteret,
1049 440 1152 488 idque
1179 441 1379 481 imitaretur,
1398 441 1492 482 fecit,
1512 447 1546 476 et
1564 442 1607 476 ad

195 499 420 534 imitationem
447 499 479 534 se
507 499 707 546 composuit.
760 498 905 533 Liberos
928 498 1162 546 reliquerunt;
1188 499 1246 533 illa
1273 499 1405 539 decem,
1428 499 1490 534 ista
1508 499 1605 534 duos.

199 558 261 593 Illa
275 570 317 594 ex
336 565 434 606 partu
453 564 532 593 ante
547 558 653 593 virum
673 558 780 593 tribus
798 558 917 601 annis3
938 558 1011 593 haec
1030 558 1163 600 eodem,
1185 571 1263 594 cum
1281 558 1415 598 marito,
1434 564 1468 593 et
1486 558 1605 593 morbo

197 617 371 657 decubuit,
390 623 424 652 et
442 623 550 652 morte
569 617 740 659 occubuit,
762 617 917 664 quamvis
938 617 995 652 illa
1016 616 1202 664 Lzmgtoni,
1226 618 1367 652 maritus
1390 617 1517 660 Edini3
1542 630 1609 652 una

197 675 288 718 elati,
308 688 376 711 una
394 676 525 724 sepulti,
545 689 613 711 non
632 676 760 723 absque
778 676 932 711 veneficii
950 676 985 710 in
1004 676 1126 723 vulgus
1145 676 1343 723 suspicione.
1398 676 1521 723 Itaque

686 804 733 827 DE
754 803 882 827 EADEM
903 804 948 827 ΕΤ
966 803 1122 827 MARITO.

369 909 440 944 Vos
460 921 565 951 amor,
586 915 620 944 et
638 908 759 956 pietas,
779 908 941 956 probitas,
962 908 1165 949 constantia,
1184 909 1289 945 virtus

417 968 549 1010 Omnis,
570 974 604 1003 et
623 980 691 1002 una
710 980 777 1002 uno
792 967 954 1014 junxerat
972 967 1055 1002 hora
1074 973 1148 1002 toro
1165 981 1175 1010 3

371 1027 450 1062 Una
468 1028 539 1062 fere
558 1027 658 1067 coelo,
676 1028 828 1074 prorsum
846 1026 958 1061 intulit
977 1039 1046 1061 una
1064 1027 1242 1074 sepulchro

420 1085 516 1120 Hora
534 1086 603 1127 uni,
624 1092 657 1120 et
676 1092 755 1120 voto
775 1099 810 1120 es
829 1086 913 1120 duro
932 1086 1041 1133 potita
1061 1093 1132 1121 tuo.

370 1144 416 1179 Et
434 1145 555 1179 merito
574 1145 729 1191 magicos
747 1145 846 1179 turba
866 1157 1025 1180 execrare
1044 1146 1216 1188 susurros;

421 1204 477 1238 An
499 1204 596 1239 Deus
614 1204 683 1251 ipse
702 1204 781 1251 polo
795 1203 922 1251 jungit,
943 1209 980 1238 ut
999 1209 1078 1239 ante
1096 1204 1190 1239 solo?

250 1322 328 1357 Hoc
346 1321 393 1356 illi
412 1322 443 1355 in
463 1321 549 1355 votis
568 1326 650 1363 erat,
670 1332 713 1355 ne
732 1320 853 1355 marito
873 1321 1111 1368 superviveret,
1131 1321 1224 1369 quod
1242 1327 1276 1356 et
1294 1322 1398 1357 venit.

248 1440 401 1475 Joannes
426 1437 575 1473 Humius
602 1438 706 1473 literis
732 1438 933 1474 immortuus
959 1438 1019 1479 est,
1046 1451 1163 1474 earum
1190 1439 1378 1487 diligentia,
1406 1439 1609 1475 valetudinis

194 1498 418 1547 negligentia.

677 1688 753 1712 VIII.
775 1688 959 1712 GEORGIUS
977 1688 1136 1712 TERTIUS.

206 1801 403 1837 GEORGIUS
433 1802 463 1836 ei
483 1800 632 1836 succeffit
647 1800 734 1835 filius
760 1806 843 1835 natu
861 1801 1041 1841 maximus,
1061 1813 1188 1835 annum
1216 1813 1324 1848 agens
1348 1801 1479 1836 circiter
1497 1798 1615 1848 vigefi-

203 1872 296 1895 mum
310 1860 507 1895 secundum.
550 1859 666 1895 Natus
682 1859 922 1907 Elpbingstoni
937 1859 1030 1906 apud
1044 1859 1166 1902 aviam,
1183 1872 1260 1907 quae
1275 1860 1378 1895 filiam
1392 1860 1500 1907 primo
1515 1865 1615 1907 partu

205 1919 441 1954 decubituram
461 1931 502 1954 eo
521 1919 723 1954 adduxerat.
777 1918 875 1966 Isque
893 1918 1006 1953 statim
1025 1930 1065 1953 ac
1084 1918 1281 1961 advenerat,
1311 1927 1390 1954 ante
1417 1918 1508 1954 diem
1525 1918 1615 1953 festi-

203 1983 295 2017 nata,
315 1990 356 2012 ex
381 1977 498 2013 labore
517 1978 655 2020 itineris,
676 1978 913 2025 parturitione,
932 1983 1003 2012 tam
1021 1976 1171 2025 pusillus,
1192 1984 1228 2012 ut
1246 1978 1326 2012 lana
1350 1978 1449 2025 nigra
1467 1977 1615 2012 involve-

205 2042 307 2071 retur.
360 2036 488 2071 Mirum
506 2042 622 2071 tamen
648 2036 766 2084 postea
784 2042 952 2084 quantum
972 2036 1126 2076 creverit,
1146 2043 1182 2071 ut
1202 2042 1281 2071 ante
1309 2049 1436 2071 annum
1455 2036 1617 2071 duodeci·

205 2107 299 2130 mum
312 2107 372 2142 pro
387 2095 552 2129 miraculo
566 2095 693 2143 reginae
710 2095 852 2143 (Jacobi
867 2095 978 2143 quinti
993 2095 1123 2142 viduae)
1136 2095 1236 2130 matri
1249 2095 1481 2131 ostenderetur
1495 2109 1504 2138 3
1525 2095 1614 2130 deci-

206 2166 262 2189 mo
289 2154 383 2189 sexto
400 2166 480 2188 vero
509 2154 618 2189 aetatis
647 2167 737 2189 anno
756 2154 913 2195 substitit,
930 2166 996 2190 nec
1020 2154 1125 2190 aucta
1152 2154 1290 2197 statura,
1311 2154 1368 2190 sed
1395 2154 1615 2202 proveniente

202 2213 275 2259 jam
294 2212 401 2247 barba
416 2212 508 2259 quasi
530 2213 613 2247 virili
632 2213 665 2247 in
684 2219 798 2248 aetate.

257 2271 409 2319 Operam
423 2271 528 2306 literis
543 2271 646 2314 dedit,
663 2272 807 2319 primum
829 2272 1009 2315 Dumbari,
1029 2272 1090 2307 sub
1111 2272 1285 2308 Gulielmo
1302 2272 1448 2315 Lambo,
1464 2278 1536 2307 tum
1554 2271 1614 2307 sub

208 2330 349 2366 Andrea
371 2330 557 2372 Simonide,
586 2329 786 2366 nobilissimo
812 2331 1003 2378 juventutis
1029 2331 1171 2367 doctore
1196 2337 1230 2366 et
1260 2331 1429 2374 ductore3
1458 2330 1615 2377 adeoque
