1922 2767
718 276 1230 315 WEDDERBURNENSI.
1626 284 1667 320 71

254 384 374 431 saepius
391 382 484 418 fratri
500 394 571 417 rem
586 387 694 417 totam
710 382 844 430 aperire
858 382 1024 418 statuerat
1039 396 1048 424 ;
1066 384 1188 430 saepius
1203 396 1222 418 a
1237 383 1419 431 proposito,
1439 386 1561 431 partim
1577 397 1669 420 vere-

251 442 388 483 cundia,
407 442 530 489 partim
549 440 765 476 dubitatione
784 453 828 476 an
847 441 942 476 recte
957 442 1152 488 conjiceret,
1170 441 1330 490 depulsus
1345 443 1415 485 est3
1436 443 1575 478 tandem
1591 456 1669 478 cum

252 508 395 549 uterque
425 499 626 548 Gleneglifii
662 500 757 541 effct,
788 500 1015 548 Georgioque
1043 500 1221 541 redeunte,
1254 501 1369 536 David
1401 502 1493 549 apud
1522 502 1668 536 sororem

251 559 452 602 substitifl'et,
474 559 655 607 Edgarum
683 559 858 607 quendam
879 559 1036 607 Georgio
1056 572 1075 594 a
1094 559 1252 606 pedibu&
1270 560 1393 594 frivolo
1411 559 1556 595 obtentu
1575 560 1668 594 relic-

251 626 334 661 tum,
355 632 473 654 revera
501 619 755 654 observatorem
782 618 841 653 fibi
868 618 998 661 datum,
1018 618 1128 653 sentit.
1183 618 1318 654 Paucos
1337 619 1411 666 post
1435 619 1518 659 dies,
1538 631 1616 653 cum
1635 625 1669 654 et

251 679 306 713 ille
326 678 465 713 domum
484 677 631 718 redisset,
654 677 840 725 Georgius,
862 677 990 724 injecto
1020 678 1184 717 sermone,
1205 677 1308 711 animi
1331 678 1425 712 sensa
1443 677 1667 712 scrutabatur.

253 737 325 777 Ille,
343 750 414 785 qno
433 742 590 784 vergeret
609 748 749 784 gnarus,
770 742 806 771 ut
825 748 904 771 eum
930 736 996 771 hoc
1022 736 1114 771 inani
1143 742 1236 771 metu
1264 736 1434 777 liberaret,
1454 735 1546 770 haud
1566 748 1668 770 cunc—

249 802 362 831 tanter
378 795 478 831 fateri
498 808 661 837 amorem,
682 795 740 830 sed
758 795 898 842 qualem
925 807 1027 830 nemo
1048 794 1325 843 reprehenderet.
1380 794 1457 829 Ess'e
1477 794 1546 841 ipfi‚
1568 794 1590 829 fi
1609 794 1667 829 ad—

248 855 448 897 lubesceret,
469 854 585 889 omnia
604 854 750 901 integra,
765 853 932 901 virginem
951 854 1107 902 probam,
1126 854 1300 901 pudicam,
1318 854 1407 900 piam
1424 867 1432 895 3
1454 860 1578 887 caetera
1597 853 1666 900 ipse

249 919 433 961 reputaret.
488 913 567 948 Hoc
586 919 659 948 erat
678 912 771 960 quod
799 913 1030 960 quaerebatur.
1083 913 1219 960 Itaque,
1238 912 1333 947 mifl'o
1356 912 1399 947 ad
1419 913 1564 946 sororem
1583 924 1667 946 nun-

249 973 314 1013 cio,
333 985 412 1007 mox
431 972 500 1020 ipse
519 972 716 1007 subsecutus
735 972 778 1006 de
798 972 1013 1006 matrimonio
1028 971 1204 1019 tranfigit3
1223 971 1338 1006 dotem
1353 970 1446 1005 hand
1467 970 1554 1005 adeo
1571 983 1665 1017 mag-

250 1044 328 1067 nam
344 1038 591 1079 nuncupatam,
605 1031 637 1065 in
655 1031 818 1070 sororum,
833 1043 919 1078 quas
934 1030 1155 1078 praeterierat,
1170 1030 1328 1078 gratiam,
1345 1030 1497 1064 remittit.
1535 1028 1581 1063 Et
1594 1028 1668 1076 post

248 1092 380 1138 aliquot
410 1103 529 1132 annos,
559 1090 683 1125 eodem
705 1089 840 1124 Davide
867 1090 1062 1136 interprete,
1094 1089 1237 1124 alteram
1267 1102 1309 1124 ex
1335 1089 1384 1124 eis
1410 1088 1664 1128 Elizabetham,

250 1150 410 1197 Philippo
441 1149 612 1191 Nisbetto,
641 1148 753 1183 vicino
780 1148 839 1182 suo
868 1148 901 1182 in
934 1148 1079 1188 Mercia,
1107 1148 1347 1183 collocandam
1374 1153 1482 1182 curat.
1537 1146 1664 1186 David,

247 1209 388 1256 paulum
416 1214 580 1247 moratus,
599 1209 632 1242 in
654 1207 807 1242 Galliam
828 1220 906 1242 cum
934 1207 1067 1242 Jacobo
1089 1207 1252 1242 Haldano
1278 1207 1352 1254 ejus
1369 1207 1475 1242 fratre
1504 1206 1587 1246 abit,
1607 1206 1665 1240 ubi

247 1268 487 1315 sesquiannum
506 1267 584 1301 satis
613 1266 799 1301 liberaliter
828 1265 965 1301 habitus
992 1266 1051 1301 est.
1105 1266 1249 1313 Nuptiae
1268 1272 1385 1301 autem
1409 1266 1491 1300 licet
1518 1265 1664 1305 decorae,

248 1334 365 1362 tamen
383 1327 465 1374 quia
483 1326 570 1361 infra
589 1338 679 1368 eum,
701 1338 770 1373 quo
789 1326 822 1360 se
841 1324 995 1372 gerebat,
1015 1325 1129 1359 locum
1144 1324 1361 1365 videbantur,
1376 1325 1468 1359 varie
1488 1324 1664 1358 bominum

248 1386 460 1421 sermonibus
478 1384 758 1432 excipiebantur3
777 1384 949 1431 praecipue
967 1384 1103 1431 proregi
1121 1384 1223 1431 plane
1242 1383 1453 1431 displicuere,
1475 1382 1568 1430 quod
1587 1394 1665 1416 curn

248 1445 364 1492 aliquo
383 1457 401 1479 e
420 1444 528 1491 prima
547 1444 727 1478 nobilitate
746 1443 945 1478 affinitatem
963 1455 1029 1478 non
1043 1443 1217 1490 junxifl'et.
1265 1442 1401 1478 Tamen
1417 1442 1551 1477 comitis
1571 1441 1665 1476 Mar-

248 1505 306 1539 riae
336 1503 513 1545 familiam,
547 1502 638 1537 unde
667 1502 782 1549 puella
808 1502 953 1536 oriunda
980 1508 1063 1545 erat,
1095 1501 1154 1536 fibi
1187 1501 1347 1544 devinxit,
1379 1501 1496 1548 illique
1525 1500 1661 1535 vicissim

247 1563 409 1598 devotum
424 1563 458 1597 se
472 1561 596 1597 exinde
613 1562 745 1608 semper
763 1560 919 1602 ostendit,
941 1560 1154 1608 primamque
1170 1560 1445 1595 benevolentiam
1465 1572 1505 1594 ac
1523 1571 1664 1607 operam

246 1623 341 1656 suam
367 1620 577 1655 monstrandi
606 1619 820 1655 occasionem
849 1619 947 1654 avide
977 1620 1117 1666 arripuit
1147 1619 1181 1654 in
1208 1632 1261 1661 ea,
1287 1631 1365 1666 quae
1386 1618 1516 1653 Marrio
1545 1623 1664 1653 contra

247 1680 417 1715 Gramum
433 1679 592 1714 Tarchiae
612 1678 696 1726 (five
716 1678 908 1725 Montethi)
929 1678 1090 1713 comitem
1108 1684 1193 1718 erat,
1211 1678 1283 1718 lite,
1302 1690 1391 1719 cum,
1413 1683 1450 1712 ut
1468 1678 1500 1712 ei
1519 1676 1658 1718 adeffet,

248 1739 410 1781 Edinum,
431 1739 613 1786 conspicua
640 1738 803 1773 clientum
821 1749 925 1772 manu
944 1737 1139 1778 comitatus,
1165 1736 1315 1779 veniffet,
1336 1748 1404 1770 non
1432 1735 1560 1783 absque
1586 1748 1663 1782 pro-

246 1799 337 1846 tegis
355 1797 592 1845 indignatione
607 1796 783 1831 nonnulla.

296 1856 495 1892 Obvenerat
513 1856 600 1891 inter
619 1868 678 1890 eos
697 1854 835 1889 offenfio
854 1854 919 1889 hac
939 1853 1140 1896 occafione3
1166 1866 1292 1901 prorex
1314 1853 1454 1889 Annam
1483 1852 1661 1895 Humiam,

251 1915 348 1962 Spoti
368 1915 551 1957 liaeredem,
572 1914 707 1950 Jacobo
726 1914 794 1948 filio
813 1913 872 1948 suo
898 1913 1016 1955 notho,
1045 1913 1263 1948 matrimonio
1289 1913 1463 1960 junxerat,
1482 1917 1663 1959 totumque

246 1974 350 2009 soceri
369 1973 622 2021 patrimonium,
641 1972 715 2020 post
733 1972 834 2020 ipsius
852 1971 996 2012 obitum,
1015 1984 1144 2019 genero
1173 1971 1361 2006 successuro
1390 1977 1660 2017 comparaverat.

247 2032 380 2067 Incessit
392 2032 471 2066 inde
482 2031 588 2066 libido
602 2031 835 2066 Thurstonum
848 2043 981 2078 agrum,
999 2030 1266 2065 Wedderburnii
1279 2029 1524 2077 pofl'effionem,
1537 2029 1659 2071 eidem,

246 2092 328 2139 quia
346 2090 577 2126 conterminus
595 2096 678 2133 erat,
699 2090 900 2138 adjungere.
955 2089 1110 2137 Georgio
1129 2102 1212 2137 ergo
1230 2089 1349 2129 inscio,
1369 2101 1388 2123 a
1408 2088 1510 2123 Valla
1531 2087 1660 2135 Cragio

246 2150 371 2185 coemit
387 2164 397 2193 ς
418 2162 461 2184 ac
479 2149 598 2196 postea
616 2148 790 2190 accerfito,
809 2148 891 2197 quid
909 2148 1049 2191 fecisset,
1070 2154 1196 2189 narrat,
1215 2149 1486 2195 interrogatque,
1506 2158 1574 2193 quo
1601 2159 1660 2193 po-

245 2208 404 2244 tiffimum
434 2207 550 2249 m0d0‚
570 2207 601 2243 ei
628 2208 757 2255 optime
776 2208 933 2243 satisfiere
963 2207 1071 2255 poffit.
1123 2207 1185 2242 Ille
1213 2206 1297 2241 nihil
1324 2206 1518 2246 cunctatus,
1541 2204 1659 2244 “ita‚”

244 2267 364 2314 inquit,
381 2266 434 2301 “fi
446 2266 590 2302 fundum
601 2266 683 2301 mihi
696 2266 835 2302 cedas.”
863 2266 1004 2314 “Atqui
1017 2268 1133 2309 eum,”
1146 2266 1257 2314 inquit
1268 2277 1402 2313 prorex,
1419 2264 1565 2311 egojam
1579 2264 1659 2298 emi.

246 2331 268 2347 ‘⁴
282 2326 391 2374 Atqui
409 2327 482 2368 tu,”
502 2325 617 2361 retulit
632 2325 699 2368 ille,
720 2329 743 2347 “
756 2337 824 2360 non
839 2325 936 2362 recte
947 2326 1027 2361 satis
1041 2325 1169 2369 fecesti,
1186 2337 1247 2373 pro
1262 2337 1313 2368 ea,
1331 2336 1408 2371 quae
1422 2323 1509 2358 inter
1523 2334 1585 2357 nos
1599 2321 1658 2364 est,
