1922 2767
289 279 333 314 72
730 275 799 310 DE
829 274 1049 310 FAMILIA
1077 275 1251 312 HUMIA

287 376 541 416 necessitudine,
561 389 600 411 ac
620 375 742 418 nostro,
764 388 845 423 erga
865 381 898 410 te
918 381 952 410 et
970 388 1095 411 nomen
1117 375 1332 423 Duglafium,
1353 376 1517 424 obsequio
1536 383 1570 412 et
1589 377 1700 412 obser-

288 436 413 478 vantia,
434 436 526 483 quod
545 435 699 477 fundum,
721 448 824 482 quem
843 435 1007 482 possidere
1026 448 1081 469 me
1101 435 1242 475 sciebas,
1264 442 1299 470 at
1315 442 1367 471 tot
1385 436 1572 483 majoribus
1596 437 1700 472 trans-

287 495 418 529 missum
438 495 582 536 emeris3
602 506 669 528 non
689 494 722 528 id
741 494 920 541 quisquam
939 493 971 528 in
991 494 1109 528 Scotia
1127 502 1249 541 praeter
1266 500 1300 529 te
1318 494 1458 535 fecisset,
1474 507 1538 530 nec
1556 501 1604 537 tu,
1625 495 1698 543 qui-

288 553 377 595 dem,
398 552 458 587 nisi
477 565 597 600 prorex
616 552 738 588 efl'es.’'
793 552 933 587 Instanti
958 565 1039 587 num
1069 553 1138 588 ulla
1167 553 1300 588 ratione
1318 554 1466 589 satisfieri
1485 554 1545 589 fibi
1569 560 1702 601 patere·

291 618 365 651 tur;
392 612 511 653 “ita,”
532 612 653 658 inquit,
675 611 731 646 “fi
753 611 855 658 justa,
875 624 943 658 qua
962 611 1030 658 ipse
1049 612 1169 652 emisti,
1189 612 1336 659 pecunia
1354 625 1433 647 eum
1458 612 1540 647 mihi
1560 613 1700 648 cedas.”

292 670 350 705 Sic
369 676 440 704 tum
460 671 645 712 discessum,
675 670 731 705 sed
752 682 829 704 cum
856 669 973 716 postea
1000 670 1126 717 pluries
1146 671 1289 718 (nempe
1317 671 1453 718 quoties
1480 671 1700 717 occurrebat)

288 729 380 763 idem
396 729 624 776 interogasset,
641 742 706 764 nec
725 728 816 763 aliud
836 728 1031 775 responsum
1050 729 1183 771 tulisset,
1202 729 1316 765 edicto
1335 729 1483 777 publice,
1498 736 1535 764 ut
1549 742 1622 765 mos
1641 729 1701 772 est,

295 787 478 835 proposito,
503 794 630 830 monet,
661 794 698 822 ut
725 787 831 822 fundo
863 787 1025 827 discedat,
1045 800 1085 822 ac
1104 788 1162 822 sua
1191 788 1270 823 inde
1298 788 1457 831 deducat,
1481 789 1701 831 denunciato,

292 846 350 880 nifi
380 847 476 887 faxit,
495 847 562 881 vim
593 860 670 882 eam
695 846 851 881 habitum
882 846 934 886 iri,
963 852 997 881 et
1027 859 1087 893 pro
1115 847 1146 881 vi
1177 847 1352 882 luiturum.
1406 847 1600 882 Habitabat
1629 853 1702 882 tum

292 905 545 940 VVedderburni
567 905 760 952 Georgius3
780 905 1045 940 denunciatione
1064 906 1159 940 facta
1180 906 1411 941 Thurstonum
1430 906 1463 941 se
1483 912 1516 941 et
1534 906 1702 941 familiam

288 965 467 1006 transfert3
497 965 621 999 citatus
648 977 725 999 cum
752 965 785 998 se
806 964 938 1011 judicio
957 977 1024 998 non
1052 964 1200 1006 stetisset,
1221 965 1258 999 fit
1281 964 1437 1011 judicum
1457 964 1644 1006 decretum,
1664 971 1702 1000 ut

288 1022 367 1057 inde
386 1023 546 1065 discedat,
568 1036 670 1070 poena
694 1022 938 1069 perduellionis
966 1023 1096 1057 addita.
1150 1023 1219 1058 Ubi
1238 1023 1272 1058 id
1295 1023 1437 1065 rescivit,
1457 1023 1626 1059 aedificare
1645 1036 1702 1059 oc-

288 1081 382 1128 cipit,
401 1088 433 1116 et
453 1082 626 1128 fastigium
646 1081 864 1122 domunculo‚
886 1080 979 1115 haud
1006 1081 1147 1128 quidem
1165 1093 1304 1127 magno,
1325 1082 1383 1116 sed
1405 1081 1550 1116 duarum
1570 1082 1702 1129 contig-

290 1141 467 1175 nationum
488 1141 568 1182 alto,
590 1140 728 1175 addere.
783 1139 923 1174 Poterat.
943 1140 998 1174 ille
1014 1140 1153 1187 quidem
1172 1140 1323 1180 decreto,
1341 1152 1385 1175 ne
1403 1140 1509 1183 fieret,
1531 1140 1700 1182 obsistere,

289 1212 349 1246 per
367 1212 495 1233 annum
514 1199 602 1234 enim
631 1211 737 1233 unum
757 1204 815 1232 aut
845 1198 989 1233 alterum
1015 1198 1138 1233 locatae
1166 1199 1211 1233 illi
1240 1205 1337 1233 terrae
1366 1198 1479 1234 adhuc
1508 1204 1617 1238 erant,
1644 1199 1702 1234 sed

288 1258 407 1292 maluit
426 1257 640 1299 dissimulare,
663 1270 704 1292 ac
724 1257 767 1291 de
786 1257 940 1304 proregis
960 1257 992 1291 in
1012 1257 1044 1291 se
1064 1257 1178 1292 animo
1204 1257 1394 1304 periculum
1420 1258 1547 1298 facere,
1574 1269 1702 1305 gnarus

289 1317 332 1358 se,
353 1316 376 1350 fi
395 1329 480 1363 opus
498 1317 597 1358 foret,
619 1317 652 1350 in
680 1316 851 1362 integrum
878 1315 1069 1349 restitutum
1088 1316 1138 1350 iri.
1192 1315 1332 1350 Interim
1360 1316 1506 1363 proregi,
1533 1316 1702 1363 conspira-

289 1376 382 1409 tione
409 1375 596 1410 nobilitatis
615 1375 720 1416 fafi'ca,
751 1374 894 1420 imperio
923 1374 1146 1409 interdicitur.
1201 1374 1258 1409 Ad
1285 1387 1363 1409 eum
1391 1380 1506 1409 tamen
1529 1374 1703 1422 Georgius

290 1433 437 1473 festinat,
458 1434 613 1481 quamvis
632 1434 777 1468 sortunae
797 1432 907 1467 aleam
927 1445 994 1467 una
1022 1433 1201 1475 subiturus,
1221 1432 1281 1467 nifi
1299 1433 1368 1480 ipse
1386 1432 1445 1468 fibi
1474 1432 1640 1475 defuisset,
1661 1446 1702 1468 ac

291 1492 389 1533 ultro,
416 1492 669 1527 immunitatem
699 1491 833 1538 pactus,
867 1491 979 1525 officio
1011 1491 1171 1531 ceffisset3
1202 1491 1276 1538 post
1306 1492 1528 1533 semiannum‚
1561 1498 1702 1538 petente

292 1550 477 1592 Mortonio‚
511 1563 551 1585 ac
587 1550 762 1585 Gulielmo
796 1549 962 1596 Duglafio
996 1550 1241 1592 intercedente,
1277 1550 1326 1585 ita
1356 1550 1542 1597 composita
1572 1550 1630 1592 est,
1663 1557 1701 1585 ut

291 1609 446 1656 Georgio
465 1609 508 1644 de
535 1609 665 1644 dimidii
691 1608 799 1649 fundi,
825 1608 918 1655 quod
946 1609 1016 1656 ipse
1045 1608 1244 1656 possidebat,
1268 1616 1446 1644 caveretur
1467 1608 1555 1656 jure,
1576 1615 1700 1644 caetero

290 1667 438 1702 cederet.

338 1726 440 1761 Circa
459 1726 491 1761 id
510 1733 656 1773 tempus,
676 1738 744 1773 quo
765 1725 959 1760 Mortonius
978 1738 997 1760 a
1017 1725 1147 1760 Marrio
1165 1731 1308 1761 vocatus
1333 1725 1392 1767 est,
1413 1731 1450 1760 ut
1468 1725 1540 1772 regi
1559 1725 1698 1768 adesset,

290 1783 463 1831 Georgius
485 1785 670 1820 Sterlinum
688 1784 731 1819 ad
758 1784 896 1819 comitia
921 1784 1110 1831 profe&us,
1131 1784 1214 1818 nihil
1240 1784 1333 1830 prius
1363 1783 1494 1825 habuit,
1525 1796 1629 1831 quam
1660 1790 1698 1819 ut

290 1842 526 1877 Alexandrum
546 1843 723 1885 Humium,
745 1843 900 1878 defuncti
922 1842 1110 1877 Alexandri
1125 1842 1230 1877 filium
1249 1842 1474 1889 impuberem,
1494 1843 1699 1890 postliminio

290 1901 533 1936 restituendum
552 1907 698 1936 curaret.
753 1901 914 1948 Cumque
933 1901 1079 1948 gentiles
1099 1900 1250 1935 Edinum
1278 1901 1520 1941 convenissent,
1539 1901 1698 1942 obtinuit,

290 1960 579 1995 consentientibus
603 1960 707 1995 etiam
728 1960 927 1994 Alexandro
959 1959 1218 1999 Manderstono,
1247 1965 1281 1994 et
1301 1959 1484 2000 Huttonio,
1503 1966 1537 1994 et
1558 1959 1699 1995 Coldin-

288 2019 424 2059 cnollio,
443 2025 479 2053 ut
497 2018 556 2053 fibi
575 2024 608 2053 et
629 2018 783 2065 Georgio
804 2018 933 2052 Humio
954 2018 1092 2065 Aytono
1112 2017 1155 2052 ab
1174 2017 1331 2052 omnibus
1348 2017 1454 2053 literae
1473 2017 1517 2052 ad
1541 2030 1699 2065 proceres

289 2077 459 2119 darentur,
480 2077 604 2124 quibus
622 2076 656 2111 id
674 2076 896 2123 postularent.
950 2076 1045 2118 Mox,
1067 2088 1144 2111 curn
1171 2076 1373 2123 poenitentia
1395 2076 1501 2116 dursti,
1521 2077 1636 2112 literas
1654 2077 1698 2112 ab

291 2136 429 2183 Aytono
448 2141 651 2182 repeterent,
672 2141 706 2170 et
725 2135 767 2169 ab
787 2134 900 2170 eundo
927 2140 1101 2176 terrerent,
1123 2135 1179 2169 ille
1206 2134 1302 2169 reddi
1320 2135 1437 2177 vetuit,
1459 2141 1493 2170 et
1519 2141 1698 2171 nutantem

287 2195 441 2236 firmavit,
462 2207 502 2229 ac
517 2194 629 2229 secum
647 2194 832 2229 Sterlinum
847 2193 954 2228 duxit.
1000 2193 1050 2228 Ibi
1066 2193 1278 2228 Mortonium
1293 2205 1381 2240 pene
1399 2194 1541 2228 invitum
1556 2194 1589 2228 in
1603 2195 1697 2229 suam

288 2253 488 2287 sententiam
515 2253 626 2294 traxit,
647 2252 802 2299 quamvis
828 2257 1024 2286 monentem
1050 2264 1117 2286 non
1136 2251 1203 2286 esse
1221 2251 1255 2286 id
1274 2264 1292 2287 e
1311 2264 1346 2287 re
1364 2252 1488 2299 ipfius;
1516 2264 1591 2287 raro
1619 2264 1696 2287 eam

288 2312 427 2347 domum
442 2324 520 2347 cum
533 2311 632 2359 ipsius
647 2310 851 2347 concordem
868 2324 877 2354 3
898 2323 939 2346 ea
957 2310 1100 2352 sublata,
1116 2310 1182 2346 esse
1196 2310 1301 2359 ipsam
1319 2311 1429 2360 primo
1447 2311 1534 2347 inter
1551 2311 1696 2358 gentiles
