1922 2767
671 289 1184 328 WEDDERBURNENSI.
1575 296 1621 332 57

829 469 877 494 DE
906 469 1003 493 ILLO.

379 574 434 610 Tu
453 586 592 622 quoque
610 574 684 622 post
703 573 860 613 cumitos,
877 573 1013 621 genitor
1030 572 1229 616 chariffime,
1249 572 1305 608 sed
1323 585 1387 608 nec

426 633 505 669 Post
523 633 610 668 ullos
627 633 758 675 merito,
780 631 1080 667 commemorande
1098 631 1204 675 mihi;

379 691 412 727 O
430 691 545 734 decuS‚
569 691 601 727 O
620 691 721 726 nostri
740 691 900 726 rariffima
918 690 1027 738 gloria
1046 690 1149 731 saecli,

425 750 539 791 Quem
558 750 679 798 pietas,
698 750 825 797 priscus
843 749 981 792 candor,
1003 755 1037 784 et
1055 749 1146 784 alma
1164 749 1260 790 fides,

376 808 552 857 Nudaque
570 808 775 857 fimplicitas,
796 814 831 844 et
848 808 936 844 coelo
957 808 1090 843 Astraea
1109 808 1243 849 relicto,

426 867 602 915 Dignatae,
622 868 735 908 exoso,
754 868 829 902 sunt
847 867 996 907 coluisse,
1015 867 1107 902 solo:

378 926 520 968 Discite,
539 932 573 962 et
590 927 624 962 in
643 927 733 962 seros
751 926 821 962 nati
840 927 1019 962 transferte
1037 931 1182 974 nepotes

426 986 484 1021 Sic
502 986 630 1034 sapere,
651 985 820 1033 exemplo,
841 993 875 1021 et
892 985 1004 1020 vivere
1023 985 1122 1025 velle,
1140 996 1231 1020 meo.

260 1099 364 1134 Certe
390 1104 425 1134 et
448 1098 492 1134 fic
515 1098 628 1134 vivere
654 1097 756 1140 volui,
785 1102 819 1133 et
843 1097 876 1132 in
901 1096 1054 1145 posteros
1072 1096 1254 1138 transferri,
1272 1096 1413 1133 testetur
1430 1096 1497 1133 hoc
1514 1097 1623 1145 ipsum

209 1170 308 1205 opus.

732 1285 851 1309 MARIA
869 1284 1100 1309 JOHNSTONA.

377 1390 561 1425 Posthuma
580 1390 613 1425 ni
632 1390 675 1425 de
693 1402 760 1430 me,
778 1390 811 1425 ni
831 1390 874 1426 de
892 1403 948 1426 me
967 1391 1059 1426 fama
1079 1390 1246 1438 superstes

427 1450 577 1486 Mentita
595 1450 644 1485 est
662 1450 780 1490 titulis,
799 1462 924 1485 nomen
944 1450 1057 1490 inane,
1076 1450 1154 1486 suis.

380 1509 472 1544 Rara
490 1515 550 1544 aut
567 1509 661 1544 nulla
680 1521 766 1544 meae
784 1509 921 1544 certarit
939 1509 1081 1543 foemina
1099 1508 1204 1551 laudi,

426 1567 505 1603 Nec
523 1568 599 1603 tulit
617 1568 691 1603 haec
709 1574 802 1610 aetas,
823 1580 887 1603 nec
905 1567 986 1602 mihi
1006 1568 1113 1615 prisca
1131 1580 1261 1616 parem.

379 1626 494 1669 Casta,
515 1626 679 1669 modesta,
700 1626 757 1674 pia
775 1632 809 1661 et
826 1639 939 1668 verax,
960 1626 1079 1673 proba,
1099 1626 1245 1669 strenua,
1265 1632 1418 1663 mentem

428 1684 556 1734 Larga,
575 1697 808 1733 manumque3
837 1697 906 1720 una
924 1684 1074 1732 denique
1092 1697 1187 1727 voce,
1206 1685 1318 1721 Bona.

379 1744 496 1780 Chara
514 1744 609 1787 meis,
629 1756 732 1791 mage
747 1743 851 1778 chara
869 1743 959 1787 tuis3
987 1743 1187 1786 chariffima,
1208 1743 1310 1779 chare

425 1802 498 1843 Vir,
517 1803 599 1844 tibi;
626 1802 846 1850 pauperibus,
866 1801 1039 1850 charaque
1054 1802 1238 1846 divitibus3

379 1861 455 1897 Hos
473 1874 539 1909 ego
559 1861 747 1901 thesauros,
766 1860 922 1908 dotisque
941 1860 1096 1908 ingentia
1114 1860 1207 1896 dona

428 1919 568 1955 Certavi
586 1920 675 1955 natis
693 1919 912 1954 accumulare
930 1919 1026 1955 meis.

380 2037 511 2084 Inspice
529 2037 730 2072 foemineum
748 2048 868 2084 genus,
889 2042 923 2071 et
942 2048 1172 2084 componere-3
1199 2036 1310 2072 forma

427 2095 509 2131 Non
528 2095 652 2138 veniet,
673 2095 810 2143 speculo
829 2094 964 2142 dignior
983 2095 1053 2130 ulla
1071 2101 1143 2131 tuo.

260 2212 338 2248 Nec
356 2211 477 2247 frustra
491 2211 558 2247 hoc
575 2211 729 2254 dietum
750 2217 784 2247 et
802 2211 918 2247 dotem
936 2211 1025 2247 hanc
1044 2212 1149 2255 dedit,
1170 2218 1204 2248 et
1222 2212 1285 2249 dos
1302 2213 1367 2249 illis
1384 2213 1449 2249 fuit
1466 2219 1624 2249 materna

210 2271 373 2320 probitas,
391 2270 468 2318 plus
486 2282 590 2318 quam
609 2269 671 2305 dos
689 2270 758 2305 ulla
777 2270 820 2306 ad
839 2271 1093 2306 matrimonium
1112 2272 1239 2319 profuit
1256 2277 1302 2313 et,
1314 2278 1453 2320 propter
1465 2278 1621 2313 matrem,

210 2332 284 2378 spes
311 2330 353 2365 de
380 2328 467 2377 ipfis,
496 2329 679 2376 praesertim
706 2329 856 2364 maxima
882 2335 916 2365 et
941 2330 1083 2365 minima
1108 2329 1266 2366 Ifl'obella
1284 2336 1318 2366 et
1336 2330 1507 2367 Johanna.
1563 2330 1624 2365 Illa

1381 2411 1406 2434 H
