1922 2767
715 288 1226 325 WEDDERBURNENSI.
1385 327 1387 331 Α
1637 290 1682 328 67

268 411 406 447 quoque
424 397 577 433 nonnihil
598 396 640 443 (fi
658 397 752 432 Γθᾶὶε
771 397 929 442 memini)
949 397 1141 439 moluerat3
1162 409 1268 443 quare
1287 408 1412 443 aquam
1425 397 1504 432 inde
1519 403 1683 438 avertere,

266 469 472 505 quocunque
485 457 587 491 modo
600 456 796 497 deduelmm,
814 468 873 502 per
887 455 983 502 leges
998 456 1049 490 fas
1064 468 1131 490 non
1147 462 1230 490 erat.
1261 455 1454 490 Habitabat
1467 457 1566 502 juxta
1582 457 1683 491 Jaco-

267 516 328 550 bus
350 515 460 551 Craus
481 514 739 562 Gunfigrineus,
760 520 792 549 et
812 514 939 548 molam
959 514 1061 561 paulo
1077 514 1217 548 inferius
1232 513 1373 560 pofitam
1388 513 1551 554 habebat,
1567 515 1620 549 cui
1636 516 1682 549 in-

265 574 484 609 commodare
496 574 588 608 illam
606 573 752 620 Georgii
771 573 843 607 sero
856 572 1062 620 perspiciens
1077 573 1192 607 riserat
1211 573 1398 619 incoeptum
1417 585 1503 619 opus
1515 586 1524 613 ς
1538 573 1681 619 lapides,

267 633 477 680 cespitesque
496 633 554 680 qui
575 631 719 679 Georgii
739 631 1000 678 aquae-dufflum
1019 631 1235 672 coercebant,
1264 638 1297 665 et
1322 643 1448 678 aquam
1467 644 1510 666 ne
1529 632 1681 666 efflueret

267 691 499 733 continebant,
528 691 634 726 noetu
657 690 797 725 amovit.
853 689 892 724 Id
911 696 1026 724 tamen
1044 689 1137 724 haud
1157 689 1244 724 adeo
1264 690 1352 723 clam
1371 690 1464 729 fecit,
1484 689 1564 737 quin
1590 690 1686 724 inno-

266 751 421 791 tesceret,
436 756 470 785 et
483 750 548 792 ille,
566 750 613 784 rei
629 749 760 790 auctor,
775 749 926 783 onmium
941 748 1151 783 sermonibus
1164 747 1406 795 designaretur,
1425 754 1460 782 ut
1474 749 1570 795 cujus
1583 748 1683 783 solius

266 809 299 844 id
318 809 499 844 interess'et.
554 808 730 856 Arrogans
749 808 782 842 id
801 808 933 842 faetum
952 807 1058 842 visum
1077 807 1135 846 est,
1157 813 1190 841 et
1204 807 1271 841 hoc
1290 819 1368 842 eum
1384 807 1511 842 audere
1526 808 1682 855 indigna-

267 868 375 909 batur,
397 873 431 902 et
450 867 493 902 ad
512 868 640 902 famam
659 866 829 914 pertinere
843 879 886 901 ne
902 866 1047 901 inultum
1062 867 1160 908 foret,
1177 866 1339 913 precipue
1359 867 1392 900 in
1416 866 1530 906 initiis,
1550 867 1683 901 scitum-

266 940 333 974 que
352 926 445 968 illud,
466 926 524 973 qui
544 926 701 973 injuriam
720 925 849 960 illatam
869 925 1026 972 negligit,
1045 937 1170 960 novam
1189 930 1364 972 provocat.
1419 925 1464 959 Et
1492 932 1599 965 erant,
1625 927 1683 973 qui

262 986 306 1020 ad
325 985 454 1020 caedem
474 985 683 1032 instigarent,
704 984 798 1031 quasi
816 984 910 1019 nulla
929 984 996 1018 ulla
1016 984 1083 1018 alia
1098 984 1176 1019 satis
1195 984 1300 1031 digna
1318 996 1421 1031 poena
1449 985 1551 1027 effet3
1580 986 1684 1032 longe

267 1044 313 1079 illi
328 1045 355 1079 is
370 1044 514 1084 animus,
530 1051 566 1078 ut
580 1044 690 1078 omnis
705 1044 836 1090 semper
851 1043 977 1078 saevitia
996 1049 1030 1077 et
1050 1042 1245 1078 crudelitas.
1299 1042 1394 1090 Ergo
1414 1050 1450 1077 ut
1469 1049 1502 1078 et
1520 1044 1685 1078 honorem

267 1104 362 1138 suum
395 1109 579 1149 repararet,
599 1108 632 1136 et
661 1102 806 1136 hominis
831 1102 928 1136 saluti
948 1102 1151 1141 consuleret,
1169 1102 1272 1136 mittit
1297 1114 1375 1136 cum
1402 1102 1537 1137 selec-*cis
1564 1103 1684 1149 equiti-

268 1163 332 1197 bus
357 1162 551 1197 Johannem
575 1167 745 1208 patruum,
773 1161 831 1207 qui
858 1173 937 1195 eum
962 1160 995 1195 in
1023 1173 1118 1207 agro,
1145 1173 1205 1208 per
1224 1173 1327 1208 quem
1346 1161 1409 1195 iter
1427 1161 1582 1196 facturus
1601 1169 1682 1203 erat,

269 1221 496 1268 interciperet,
514 1226 547 1255 et
562 1220 650 1255 adse
670 1219 822 1254 duceret.
863 1219 932 1254 Sed
948 1219 1029 1266 quia
1044 1220 1082 1259 is,
1100 1220 1155 1266 (ut
1170 1220 1267 1266 cujus
1282 1232 1334 1254 res
1350 1219 1528 1267 agebatur,
1546 1221 1576 1254 ei
1596 1221 1685 1255 enim

269 1280 395 1315 molam
422 1279 607 1314 liberaliter
637 1278 825 1323 conceffit,)
857 1278 949 1313 Crao
977 1284 1050 1313 erat
1077 1277 1245 1320 infensior,
1273 1284 1306 1312 et
1333 1278 1472 1326 ingenio
1497 1279 1686 1319 violentior,

269 1339 394 1373 veritus
406 1351 448 1373 ne
464 1338 544 1385 quid
561 1337 676 1372 durius
689 1338 721 1372 in
737 1337 796 1371 viri
811 1338 916 1371 vitam
931 1337 1132 1378 consuleret,
1147 1337 1249 1371 mittit
1264 1350 1332 1371 una
1348 1337 1520 1372 Davidem
1535 1338 1686 1378 fratrem,

270 1398 327 1445 qui
347 1398 420 1444 ejus
443 1398 598 1444 inceptus
617 1396 872 1439 moderaretur,
901 1396 970 1443 ipsc
985 1396 1161 1443 Aytonum
1182 1396 1214 1430 in
1234 1408 1347 1431 arcem
1367 1396 1504 1438 secedit,
1526 1402 1572 1437 ut,
1593 1396 1614 1431 si
1634 1409 1687 1431 res

268 1457 465 1505 postularet,
492 1456 524 1490 in
551 1462 706 1503 tempore
731 1455 870 1490 adeffet.
924 1455 969 1489 Et
988 1455 1034 1489 illi
1054 1455 1228 1490 hominem
1247 1455 1280 1489 in
1304 1468 1387 1503 agro
1407 1456 1603 1502 conspicati,
1624 1457 1686 1490 fes-

270 1517 380 1551 tinant
406 1515 556 1562 quidem,
586 1521 712 1556 tamen,
741 1520 929 1561 antequam
956 1514 1084 1561 afl'equi
1112 1514 1254 1561 possent,
1276 1514 1309 1548 in
1328 1514 1468 1548 domum
1489 1514 1686 1561 Bastonrig-

270 1576 364 1623 giam
391 1575 424 1609 se
451 1574 600 1620 conjicit,
629 1579 673 1615 et,
702 1573 832 1607 foribus
858 1573 1017 1620 objectis,
1047 1573 1234 1608 defendere
1261 1573 1294 1607 se
1313 1572 1470 1620 parabat.
1533 1573 1686 1608 Joannes

272 1640 389 1669 contra
408 1633 528 1668 ostium
548 1632 764 1672 moliebatur,
784 1638 817 1667 et
837 1644 878 1666 ex
897 1632 1005 1666 altera
1024 1637 1120 1679 parte
1139 1632 1343 1666 retinentem
1369 1631 1529 1666 machina
1548 1633 1688 1679 parvula

271 1693 427 1740 trajicere
446 1692 620 1733 statuerat,
640 1690 699 1725 nifi
719 1704 738 1725 a
759 1690 895 1725 Davide
914 1690 1084 1725 cohibitus
1102 1690 1224 1732 fuifl'et,
1246 1691 1303 1737 qui
1323 1690 1517 1725 machinam
1541 1704 1560 1726 e
1584 1703 1688 1726 manu

271 1752 420 1787 excussit.
474 1750 646 1791 Tandem,
665 1751 769 1785 vitam
788 1749 1030 1784 tantummodo
1049 1750 1184 1796 pactus,
1206 1749 1331 1784 Davidi
1351 1750 1384 1784 se
1399 1749 1503 1792 dedit,
1525 1762 1565 1785 ac
1584 1750 1627 1785 ab
1646 1763 1687 1785 eo

272 1811 315 1846 ad
336 1811 475 1845 fratrem
503 1809 683 1844 incolumis
710 1808 898 1856 perductus
925 1808 984 1843 est.
1040 1808 1079 1843 Id
1105 1809 1212 1843 solum
1231 1821 1320 1856 pene
1341 1809 1515 1849 exactum,
1535 1814 1572 1843 ut
1601 1822 1688 1856 quos

273 1875 457 1911 amoverat,
477 1869 631 1916 lapidum
650 1880 755 1902 unum
775 1874 834 1902 aut
853 1867 997 1902 alterum
1022 1868 1080 1902 sua
1106 1880 1210 1902 manu
1242 1873 1447 1915 reponeret3
1476 1880 1545 1915 quo
1576 1868 1683 1910 facto,

273 1943 350 1966 cum
369 1930 597 1978 spopondisset
615 1931 649 1964 se
668 1929 796 1964 nullam
815 1929 847 1963 in
867 1929 1039 1976 posterum
1057 1941 1189 1964 moram
1207 1929 1307 1964 molae
1334 1929 1517 1971 facturum,
1538 1929 1688 1964 dimissus

274 1990 331 2031 est,
357 1989 423 2024 hoc
450 2001 555 2023 unum
581 1988 756 2028 dictitans,
783 1988 913 2023 nullum
938 1988 971 2023 se
999 2000 1151 2035 unquam
1178 1994 1249 2022 tam
1275 2000 1380 2035 grave
1404 2000 1490 2022 onus
1513 1987 1685 2022 sustulisse.

276 2049 340 2083 His
359 2054 393 2083 et
410 2047 571 2082 similibus
590 2060 668 2082 cum
687 2047 875 2082 auctoritas
894 2047 1058 2087 creviffet,
1077 2047 1279 2094 equitasque
1298 2053 1332 2081 et
1358 2046 1548 2082 moderatio
1569 2047 1686 2081 invidi-

273 2121 328 2142 am
356 2106 541 2146 amovisset,
568 2105 699 2140 addidit
722 2114 889 2153 praeterea
918 2106 1160 2141 Girnelaenses
1188 2105 1374 2148 clientelas,
1404 2105 1584 2140 conduffls
1613 2106 1686 2152 ejus

273 2168 337 2202 vici
365 2166 517 2205 decimis,
544 2177 628 2212 quas
652 2166 774 2200 iterum
801 2166 931 2200 colonis
958 2165 1117 2206 elocavit,
1144 2165 1266 2200 eodem
1293 2178 1381 2212 pene
1400 2165 1509 2212 pretio
1528 2176 1596 2211 quo
1618 2164 1687 2211 ipse

276 2226 498 2264 conduxerat,
517 2230 552 2258 ut
572 2224 615 2258 ad
640 2236 728 2265 eum,
753 2230 874 2271 praeter
892 2224 1106 2259 liberalitatis
1124 2224 1263 2266 famam,
1281 2230 1314 2259 et
1333 2224 1520 2258 incolarum
1540 2222 1686 2257 benevo-

274 2284 426 2325 lentiam,
446 2282 528 2317 nihil
547 2282 731 2317 accreverit
747 2296 756 2325 3
785 2296 853 2330 quo
872 2283 1014 2325 faetunh
1036 2291 1072 2318 ut
1091 2283 1130 2317 iis
1149 2283 1193 2317 ad
1211 2295 1312 2317 omne
1332 2282 1530 2328 obsequium
1551 2293 1685 2328 promp—

273 2342 400 2378 tissimis
427 2348 589 2382 uteretur,
617 2341 743 2388 quippe
768 2341 906 2377 absente
933 2354 993 2389 per
1019 2342 1167 2377 minores
1194 2354 1302 2377 annos
1331 2340 1528 2376 Alexandro
1557 2339 1686 2374 Humio
