1922 2767
670 270 1180 307 WEDDERBURNENSI.
1581 274 1620 306 21

221 386 296 409 vam
315 374 345 409 ei
372 374 516 422 gloriam
540 380 574 410 et
601 374 843 410 auctoritatem
869 374 961 422 apud
987 374 1141 410 homines
1168 375 1370 417 conciliavit,
1392 375 1483 422 quod
1509 387 1624 409 verum

219 432 366 468 amicum
384 438 418 468 et
436 445 550 468 verum
570 433 743 468 inimicum
762 434 794 468 se
810 434 940 480 semper
951 433 1103 480 praestitit
1118 447 1128 476 3
1155 434 1259 468 fidum
1279 446 1319 469 ac
1335 433 1450 468 utilem
1464 434 1622 475 amicum,

217 503 356 538 gravem
383 497 417 526 et
444 491 601 526 infestum
620 491 762 526 hostem.
816 491 997 539 Quotquot
1023 498 1081 527 aut
1107 493 1403 539 consanguinitate
1431 493 1621 539 propinqui,

218 555 276 584 aut
294 549 534 585 neceffitudine
548 550 673 597 juncti,
693 556 751 585 aut
769 562 976 597 quacunque
994 551 1125 585 ratione
1144 551 1176 586 in
1202 551 1395 586 clientelam
1423 551 1497 597 ejus
1523 563 1623 585 vene—

217 614 302 649 rant,
332 608 515 644 acerrimus
545 609 712 649 defensor,
743 609 909 656 nusquam
939 608 1129 645 deserebat.
1182 609 1267 657 Ejus
1294 610 1340 644 rei
1373 610 1534 644 indicium
1565 610 1623 652 est,

217 666 320 713 quod,
343 667 485 715 Georgii
505 667 653 703 Nisbetti
672 668 784 708 causa,
804 668 974 715 susceptas
993 681 1012 703 a
1031 674 1127 715 patre
1146 668 1339 703 inimicitias
1358 681 1435 703 cum
1456 668 1623 703 Blacada-

218 737 329 760 rorum
356 726 527 773 locuplete
553 732 624 761 tum
651 726 792 768 familia,
821 726 890 773 ipse
916 739 1055 774 quoque
1082 728 1245 767 exercuit,
1270 740 1346 775 quae
1373 740 1439 762 non
1464 727 1522 762 nifi
1549 740 1626 762 cum

217 795 334 819 eorum
354 784 491 819 interitu
509 784 611 819 finitae
636 785 722 820 sunt.
776 784 830 819 Ea
856 791 928 819 tum
955 785 1121 820 nobilium
1145 786 1292 820 virorum
1311 786 1482 833 praecipua
1500 786 1574 821 laus
1592 793 1626 821 et

216 842 396 889 prudentia
420 843 548 885 habita,
570 850 605 878 ut
632 843 818 878 amicorum
846 856 887 878 ac
913 843 1075 879 clientum
1102 845 1220 879 causas
1247 851 1283 879 ut
1308 845 1383 879 suas
1410 845 1625 892 susciperent,

215 910 357 948 agerent
376 907 412 935 ut
430 902 515 944 suas,
537 901 695 949 adeoque
714 902 753 937 iis
772 901 901 937 artibus
927 902 1056 937 amicos
1082 902 1130 937 ita
1156 902 1215 937 fibi
1239 903 1490 945 devinciebant,
1511 910 1547 938 ut
1566 916 1624 939 eos

215 959 260 994 illi
290 959 376 994 solos
407 960 569 1000 colerent,
598 973 658 1007 pro
689 960 729 995 iis
759 973 840 1002 rem,
872 961 988 1002 vitam,
1020 961 1135 996 omnia
1166 974 1337 1009 exponere
1368 963 1477 1011 parati
1508 962 1623 997 ess'ent.

217 1016 333 1052 Etiam
359 1018 479 1054 fratres
506 1019 599 1053 auxit
626 1031 694 1066 qua
721 1019 843 1066 potuit,
863 1026 896 1054 et
923 1019 1006 1054 alios
1025 1020 1099 1055 aliis
1120 1020 1318 1056 rationibus.
1372 1021 1565 1056 Johannem
1585 1034 1625 1056 ac

216 1075 405 1111 Robertum
424 1077 654 1124 privignarum
673 1078 900 1120 matrimonio,
921 1090 999 1125 quae
1020 1077 1200 1113 Blacadari
1221 1079 1297 1114 solae
1325 1079 1477 1115 haeredes
1496 1080 1624 1115 relictae

215 1140 323 1169 erant.
378 1135 554 1170 Andream
577 1135 726 1170 Lauderi
741 1136 893 1178 decimis,
915 1136 1141 1183 (rectoratum
1161 1138 1315 1183 vocant,)
1336 1138 1400 1173 hac
1419 1138 1622 1186 potiffimum

214 1192 415 1236 occafi0ne3
448 1203 582 1229 mortuo
611 1193 774 1241 Driburgi
802 1194 1046 1229 coenobiarcha
1063 1195 1131 1242 (est
1162 1195 1195 1230 id
1226 1196 1269 1230 ad
1294 1196 1454 1231 sinistram
1483 1196 1616 1232 Tuedae

215 1251 323 1298 ripam
342 1251 434 1286 haud
449 1252 566 1299 procul
584 1251 765 1287 Litledeno
784 1252 911 1300 oppido
928 1253 1087 1300 Merciae)
1106 1253 1217 1289 Carus
1234 1254 1446 1291 Litledenius
1462 1256 1493 1290 in
1510 1268 1622 1291 coeno-

214 1310 319 1351 bium,
338 1323 378 1345 ac
397 1311 471 1357 ejus
494 1311 631 1353 reditus,
653 1311 798 1358 autjam
825 1312 1001 1354 invaserat,
1026 1318 1062 1346 ut
1088 1313 1216 1355 volunt,
1238 1320 1296 1348 aut
1323 1314 1436 1361 potius
1462 1314 1622 1349 invadere

213 1368 386 1403 statuerat.
431 1368 543 1403 David
562 1369 759 1417 indignatus
778 1382 856 1405 eum
875 1383 893 1405 e
914 1370 1073 1405 Teviotia
1092 1371 1125 1405 in
1146 1371 1311 1407 Merciam
1331 1373 1379 1407 cis
1394 1373 1530 1413 flumen,
1545 1385 1622 1420 quae

214 1427 256 1461 ad
276 1427 376 1474 ipfius
396 1427 589 1463 clientelam
608 1429 723 1476 potius
741 1428 931 1476 spectabat,
950 1430 1076 1470 venire,
1095 1438 1241 1478 occupat
1261 1431 1455 1466 coenobium
1474 1432 1506 1466 in
1528 1433 1621 1467 suam

212 1486 414 1532 potestatem
442 1486 609 1533 redigere,
637 1499 677 1521 ac
704 1499 781 1522 cum
809 1487 867 1522 suo
895 1488 1059 1522 comitatu
1087 1488 1288 1531 habitatum,
1309 1502 1350 1524 eo
1378 1491 1515 1525 veniens
1542 1503 1621 1526 eum

212 1543 381 1591 propofito
400 1544 528 1591 dejicit.
580 1544 658 1580 Nec
677 1545 724 1580 ita
739 1545 883 1580 multum
902 1552 1053 1581 moratus
1072 1547 1225 1594 proximo
1245 1548 1493 1584 coenobiarchae
1505 1550 1618 1591 tradit,

212 1603 335 1649 pactus
356 1603 515 1645 Andreae,
537 1616 622 1650 quas
640 1604 795 1646 diximus,
811 1604 972 1646 decimas,
989 1617 1116 1652 magna
1135 1618 1211 1640 cum
1231 1607 1480 1642 coenobiarchae
1498 1608 1620 1655 gratia,

213 1661 306 1709 quod
327 1662 455 1697 Carum
474 1662 662 1709 depulifl'et,
683 1663 844 1710 quodque
862 1664 977 1698 omnia
995 1664 1128 1711 integra
1146 1665 1177 1699 ei
1196 1665 1362 1701 servasset.
1402 1665 1486 1701 Erat
1503 1667 1530 1701 is
1549 1673 1620 1701 tum

214 1733 324 1755 rerum
351 1720 468 1761 status,
495 1721 581 1755 inter
607 1721 769 1756 continua
801 1721 901 1761 bella,
927 1728 985 1756 aut
1011 1723 1141 1758 minore
1166 1724 1372 1759 auctoritate
1401 1724 1553 1765 suffultis,
1585 1732 1621 1760 ut

214 1779 316 1813 etiam
340 1779 398 1826 qui
417 1779 663 1814 moderatiores
681 1785 788 1822 erant,
812 1780 938 1814 viribus
962 1793 1066 1827 agere
1093 1793 1159 1816 non
1188 1782 1334 1829 legibus,
1354 1795 1394 1817 ac
1421 1783 1464 1825 se,
1485 1789 1519 1818 et
1545 1785 1621 1820 suos

215 1838 314 1873 armis
332 1838 418 1873 tueri
437 1845 665 1885 cogerentur;
689 1846 722 1873 et
749 1839 805 1873 ille
827 1839 955 1874 militiae
972 1851 1076 1886 quam
1102 1840 1219 1887 legum
1245 1841 1393 1888 peritior,
1414 1842 1501 1877 inter
1527 1855 1621 1878 arma

214 1902 324 1936 natus,
343 1896 519 1938 educatus,
539 1896 622 1944 quid
647 1898 732 1931 ratio
757 1897 953 1944 postularet,
972 1904 1093 1933 natura
1121 1899 1336 1947 suggerente,
1358 1900 1449 1935 haud
1469 1901 1617 1948 ignarus,

215 1952 295 2000 quid
313 1953 451 2001 leguleii
469 1955 711 2002 quiritarentur
729 1956 874 1997 securus,
895 1956 999 1991 vitam
1019 1956 1062 1991 ad
1081 1969 1158 1992 eam
1178 1958 1287 2005 magis
1305 1959 1538 2006 composuisse,
1556 1972 1620 1995 nec

216 2010 303 2045 adeo
315 2011 456 2058 usquam
470 2013 548 2048 inde
561 2013 721 2056 aberaffe,
739 2014 761 2049 fi
778 2014 1010 2062 accus[antes]
1028 2023 1188 2051 accurate
1201 2029 1253 2052 res
1266 2018 1499 2064 expendimus,
1515 2019 1619 2054 videri

215 2069 335 2116 potest,
363 2076 396 2104 et
426 2076 616 2118 temporum
647 2073 841 2108 necestitate
868 2080 901 2108 et
928 2073 1015 2116 loco,
1046 2086 1149 2121 quem
1179 2076 1345 2111 summum
1369 2077 1402 2111 in
1433 2077 1619 2118 limitanea,

216 2134 320 2174 atque
347 2127 433 2163 adeo
459 2130 593 2165 militari
620 2132 805 2178 provincia,
821 2131 974 2179 gerebat,
1003 2133 1196 2180 postulante
1218 2134 1300 2169 nihil
1320 2135 1411 2170 aliud
1435 2142 1507 2170 tota
1538 2136 1616 2178 vita,

215 2197 319 2232 quam
337 2185 491 2220 militiam
510 2189 670 2231 exercuit,
691 2189 743 2224 vel
766 2196 905 2225 externa
933 2190 1019 2225 inter
1046 2191 1146 2234 bella,
1167 2192 1219 2226 vel
1246 2193 1395 2228 internos
1422 2200 1542 2236 motus,
1564 2195 1617 2229 vel

216 2244 364 2291 privatas
381 2243 576 2280 fimultates.
632 2246 700 2281 Sed
719 2248 870 2282 omnium
889 2249 1075 2284 maximum
1093 2251 1124 2285 ei
1143 2253 1319 2298 negotium
1335 2253 1495 2287 faceffivit
1515 2253 1618 2287 Alex-

216 2301 310 2336 andri
329 2302 504 2338 camerarii
523 2302 645 2344 caedes,
665 2304 708 2339 ab
729 2304 876 2341 Patricio
898 2306 1100 2354 Hepburnio
1122 2308 1288 2344 Moraviae
1314 2311 1472 2358 episcopo
1491 2311 1616 2346 machi-
