1922 2767
677 274 1191 311 WEDDERBURNENSI.
1593 280 1639 317 27

223 378 343 424 magis,
363 388 407 413 ne
424 375 602 425 perfidiam
620 375 678 411 fibi
697 376 877 423 quisquam
897 388 938 411 ac
956 376 1115 411 fraudem
1133 377 1203 412 ullo
1222 378 1255 412 in
1274 378 1392 422 ordine
1411 378 1513 413 licere
1540 385 1635 425 pute—

223 448 309 471 mus.
361 434 407 470 Et
425 435 474 471 est
491 435 550 470 illa
567 434 708 482 quidem
722 435 833 470 minus
852 434 980 476 odiosa,
1005 447 1082 482 quae
1100 435 1212 481 magis
1231 449 1250 471 a
1269 442 1391 471 natura
1406 449 1494 483 pene
1509 437 1636 471 homini

222 495 341 530 datum
359 494 504 535 videtur,
523 500 560 529 ut
586 494 620 529 se
639 494 769 541 augeri,
796 499 964 540 quantum
992 494 1135 541 quisque
1164 494 1272 541 possit,
1299 495 1390 536 velit,
1423 495 1527 530 etiam
1552 496 1635 537 aliis,

223 553 316 600 quod
330 558 528 588 neutrorum
546 551 597 593 fit,
615 552 800 601 praecipere
816 566 824 595 ;
844 564 908 586 nec
926 552 1008 586 vitio
1027 552 1060 586 id
1080 552 1189 594 datur,
1211 553 1278 588 imo
1294 553 1398 594 laudi,
1413 566 1490 589 eum
1510 554 1637 601 absque

223 612 347 658 injuria
364 611 414 652 fit,
433 618 548 647 tamen
567 624 642 647 raro
656 611 743 658 juris
762 616 795 646 et
814 611 893 657 equi
914 611 1037 646 finibus
1056 611 1090 645 se
1109 612 1272 653 continet,
1293 618 1327 647 et
1347 612 1404 647 ubi
1422 612 1563 647 modum
1583 625 1638 647 ex-

222 670 324 713 ceffit,
344 670 535 718 aequalibus
549 669 662 718 gravis
680 669 779 705 valde
799 676 832 704 et
851 669 1045 716 importuna
1065 669 1124 704 est.
1178 669 1226 704 At
1245 670 1347 705 fidem
1363 671 1500 713 violare,
1521 683 1589 706 non
1605 671 1636 706 in

223 741 328 764 unum
346 730 457 776 magis
475 729 637 777 aliquem,
653 740 758 776 quam
773 729 806 763 in
821 728 1009 763 humanum
1025 741 1145 775 genus,
1165 729 1326 775 injurium
1346 729 1404 772 est,
1425 736 1459 764 et
1478 730 1512 764 in
1532 730 1636 764 sanci-

223 795 294 823 tum
321 787 381 835 ipfi
399 794 529 823 naturae
547 787 802 823 commercium.
857 786 978 834 Itaque
998 787 1230 822 abominanda
1249 788 1377 835 ubique
1404 788 1521 823 habita
1540 789 1637 836 perfi-

223 847 290 890 dia,
311 853 355 890 et,
376 847 475 894 supra
489 852 661 895 quotquot
679 846 822 894 usquam
842 847 916 881 sunt
935 846 1072 888 scelera,
1094 859 1317 890 execramur3
1337 847 1419 894 quin
1446 847 1570 894 probro
1589 847 1637 882 est

222 913 256 941 et
275 906 497 953 contemptui,
518 911 556 940 ut
570 904 854 953 pusillanimitatis
867 911 960 940 certa
975 905 1118 947 soboles,
1135 917 1199 940 nec
1212 907 1301 940 enim
1318 906 1455 941 aliunde
1470 907 1637 953 originem

222 965 326 1007 ducit,
347 971 406 999 aut
424 965 673 999 incrementum
691 963 806 1011 capit3
828 976 892 998 nec
911 964 1053 1011 usquam
1069 964 1206 999 uberius
1225 965 1258 999 se
1277 965 1395 1007 exerit,
1412 977 1516 1012 quam
1531 965 1636 999 maxi-

221 1036 277 1059 me
303 1022 509 1058 meticulosis
527 1023 560 1058 in
580 1022 713 1063 animis,
732 1027 767 1057 et
785 1022 898 1057 virtuti
919 1023 985 1057 suae
1006 1022 1128 1064 diffisis,
1149 1024 1285 1070 magnis
1308 1023 1386 1058 viris
1413 1035 1542 1071 magna
1559 1035 1637 1058 vere

223 1082 408 1130 agentibus
426 1083 539 1129 spreta
553 1081 687 1122 merito,
706 1086 740 1116 et
758 1082 884 1116 exosa:
912 1081 1039 1128 quippe
1058 1094 1137 1128 qua,
1168 1088 1292 1129 praeter
1319 1082 1367 1117 rei
1394 1082 1638 1130 turpitudinem

223 1142 355 1188 semper
372 1140 585 1188 fugiendam,
606 1152 675 1175 non
690 1139 782 1175 aliud
802 1139 845 1174 ad
864 1152 916 1174 res
936 1140 1090 1186 agendas
1109 1141 1267 1188 ineptius,
1288 1153 1366 1176 cum
1384 1153 1452 1176 non
1468 1141 1561 1176 aliud
1579 1141 1637 1176 ho-

223 1200 353 1235 minum
371 1199 481 1234 studia
500 1198 611 1246 magis
629 1197 813 1238 abalienet,
833 1211 909 1246 quae
928 1199 998 1233 viro
1026 1199 1184 1246 prudenti
1203 1200 1295 1234 omni
1322 1212 1404 1234 cura
1422 1199 1637 1234 concilianda

225 1259 311 1298 sunt,
330 1265 363 1293 et
382 1257 507 1305 quibus
535 1258 667 1305 semper
692 1258 770 1292 usus
797 1257 855 1299 est,
882 1258 1035 1305 quisquis
1064 1270 1212 1305 magnus
1243 1258 1358 1294 evasit.
1412 1259 1504 1299 Quin
1534 1258 1635 1306 poffe,

224 1316 318 1363 quod
347 1316 551 1356 obtendunt,
577 1316 684 1351 latere
701 1316 832 1351 tectam
851 1315 909 1350 diu
937 1316 1125 1363 perfidiam,
1152 1317 1262 1352 stolidi
1289 1318 1337 1352 est
1356 1317 1517 1361 credere,
1547 1317 1636 1352 male

224 1376 294 1410 sani
322 1375 467 1411 concilia
485 1375 564 1410 inde
579 1374 793 1422 suspendere,
813 1381 846 1409 et
869 1374 1037 1410 lubricum
1063 1375 1175 1422 plane,
1196 1389 1265 1423 quo
1284 1376 1411 1419 niteris,
1432 1377 1635 1411 fundamen-

223 1440 307 1475 tum,
327 1434 421 1482 quafi
439 1441 475 1469 tu
495 1447 614 1469 omnes
633 1447 748 1481 argus,
768 1440 801 1469 te
819 1446 921 1469 nemo
940 1446 1079 1469 cernere
1097 1434 1193 1482 possit
1209 1435 1411 1482 vespertilio.
1456 1435 1534 1470 Nec
1548 1435 1635 1470 fruc·

224 1500 278 1528 tus
296 1493 350 1529 hic
379 1506 420 1528 ex
448 1494 557 1541 prima
576 1492 786 1528 successuum
805 1493 918 1541 specie
947 1493 1151 1535 metiendus,
1178 1494 1253 1529 finis
1281 1494 1474 1536 intuendus,
1505 1494 1636 1541 semper

223 1552 366 1588 acerbus
385 1552 424 1587 iis
442 1552 547 1587 etiam
574 1551 699 1599 quibus
726 1551 816 1586 utilis
844 1552 966 1593 fuerat,
987 1552 1083 1586 obrui
1102 1560 1136 1587 te
1164 1553 1408 1599 gaudentibus,
1427 1553 1531 1600 idque
1558 1552 1635 1599 ipsis

223 1611 407 1658 agentibus
426 1618 485 1646 aut
503 1611 630 1659 palam,
650 1616 709 1646 aut
728 1610 751 1646 fi
769 1611 803 1645 id
821 1622 946 1658 neque,
966 1617 1025 1646 aut
1043 1618 1114 1651 tuo,
1133 1611 1234 1652 clam,
1253 1612 1424 1659 exemplo.
1471 1611 1575 1652 Quod
1593 1624 1635 1646 eo

222 1671 334 1718 magis
352 1670 593 1706 inculcandum
612 1669 694 1704 mihi
713 1669 885 1717 degenere
904 1669 970 1704 hoc
988 1669 1110 1705 saeculo
1129 1670 1258 1717 putavi,
1277 1682 1346 1717 quo
1365 1670 1633 1717 impudentiores

223 1730 327 1765 habet
345 1735 506 1777 patrones
524 1735 594 1764 tam
621 1741 760 1764 enorme
780 1728 959 1775 flagitium.
1014 1728 1198 1763 Politicum
1225 1728 1291 1764 hoe
1317 1734 1451 1764 tantum
1478 1729 1631 1764 feretur?

222 1801 290 1823 non
308 1789 446 1831 feretur,
467 1788 535 1823 imo
550 1787 709 1822 omnibus
723 1786 920 1822 melioribus
938 1788 1031 1834 genii
1047 1787 1264 1834 scriptoribus
1278 1787 1538 1835 exagitandum,
1552 1787 1634 1822 mihi

223 1848 302 1882 sane
320 1847 565 1895 flagellandum
584 1846 642 1888 est,
659 1852 695 1881 ut
714 1846 1007 1894 pseudo-politicis
1025 1846 1106 1886 istis,
1124 1846 1158 1881 id
1177 1846 1226 1881 est
1244 1846 1302 1894 qui
1322 1847 1479 1894 politicos
1497 1847 1530 1881 se
1550 1847 1633 1881 falso

219 1906 393 1952 Jafftfitant,
411 1918 479 1940 non
499 1913 606 1941 artem
625 1905 776 1953 quidem,
795 1906 874 1940 sane
898 1911 1017 1940 contra
1041 1911 1149 1940 artem
1168 1905 1227 1947 est,
1248 1905 1305 1940 sed
1333 1906 1481 1953 ipsorum
1507 1918 1633 1948 naevos,

223 1964 363 1999 humani
389 1965 524 2011 generis
550 1964 748 2012 perniciem,
775 1977 794 1999 e
823 1964 982 1999 manibus
1010 1969 1244 2012 extorqueam,
1265 1964 1384 2000 saltem
1413 1977 1482 2012 qua
1505 1964 1633 2012 poffim,

223 2029 421 2070 torqueam3
441 2023 671 2070 testatumque
690 2023 880 2071 relinquam
899 2035 1003 2070 quam
1022 2023 1181 2063 detestor,
1200 2036 1375 2071 quamque
1390 2036 1509 2059 omnes
1527 2023 1634 2059 detes-

224 2081 286 2116 tari
306 2082 453 2129 cupiam.
505 2081 583 2117 Nec
601 2094 643 2117 eo
662 2082 774 2117 minus
792 2081 815 2117 fi
834 2082 1033 2117 calumniari
1052 2082 1128 2129 quis
1146 2082 1241 2125 aufit,
1257 2083 1447 2130 gentilium,
1464 2083 1546 2131 quia
1560 2095 1632 2130 per—

224 2139 303 2174 fidia
322 2139 504 2187 perierunt,
523 2140 643 2187 gratiae
662 2140 727 2175 hoc
746 2140 885 2181 datum3
914 2140 984 2188 ipse
1014 2141 1165 2188 quisquis
1184 2140 1233 2184 fit,
1254 2154 1332 2176 cum
1360 2141 1503 2177 aliorum
1522 2142 1633 2188 magis

223 2198 393 2246 pudendae
411 2198 530 2246 gratiae
549 2198 613 2233 hoc
632 2199 700 2240 det,
722 2211 849 2242 verum,
870 2200 1002 2246 semper
1020 2212 1137 2234 verum
1155 2200 1250 2241 esto;
1276 2200 1364 2235 ultra
1394 2200 1499 2247 quod,
1519 2200 1632 2235 amici-

222 2259 277 2293 tiae
296 2257 418 2305 gratia,
437 2269 479 2291 ne
498 2257 669 2298 tenditor;
695 2257 753 2293 sed
771 2270 835 2293 nec
857 2258 956 2299 intra,
976 2258 1151 2293 modestiae
1170 2259 1403 2300 affeAEtatione,
1430 2258 1630 2298 subfistitor;

222 2328 299 2363 quae
318 2315 478 2358 scribent,
499 2328 566 2351 una
586 2315 760 2363 regularit.
815 2316 991 2352 Redeam:
1020 2317 1053 2352 in
1074 2317 1326 2353 Farnihastium
1347 2318 1470 2353 eadem
1488 2316 1631 2353 erudeli-
