<?xml version="1.0" encoding="UTF-8"?>
<!DOCTYPE html PUBLIC "-//W3C//DTD XHTML 1.0 Transitional//EN"
    "http://www.w3.org/TR/xhtml1/DTD/xhtml1-transitional.dtd">
<html xmlns="http://www.w3.org/1999/xhtml" xml:lang="en" lang="en">
 <head>
  <title>
</title>
<meta http-equiv="Content-Type" content="text/html;charset=utf-8" />
  <meta name='ocr-system' content='tesseract 3.04.00' />
  <meta name='ocr-capabilities' content='ocr_page ocr_carea ocr_par ocr_line ocrx_word'/>
</head>
<body>
  <div class='ocr_page' id='page_1' title='image "./davidishumiidefa00abbo_0064.png"; bbox 0 0 1922 2767; ppageno 0'>
   <div class='ocr_carea' id='block_1_1' title="bbox 275 283 1238 320">
    <p class='ocr_par' dir='ltr' id='par_1_1' title="bbox 275 283 1238 320">
     <span class='ocr_line' id='line_1_1' title="bbox 275 283 1238 320; baseline -0.001 0"><span class='ocrx_word' id='word_1_1' title='bbox 275 289 319 320; x_wconf 75' lang='lat'>42</span> <span class='ocrx_word' id='word_1_2' title='bbox 720 283 787 319; x_wconf 89' lang='lat' dir='ltr'>DE</span> <span class='ocrx_word' id='word_1_3' title='bbox 817 284 1037 319; x_wconf 90' lang='lat' dir='ltr'><strong>FAMILIA</strong></span> <span class='ocrx_word' id='word_1_4' title='bbox 1066 284 1238 320; x_wconf 87' lang='lat' dir='ltr'>HUMIA</span> 
     </span>
    </p>
   </div>
   <div class='ocr_carea' id='block_1_2' title="bbox 273 387 1689 1315">
    <p class='ocr_par' dir='ltr' id='par_1_2' title="bbox 273 387 1689 1315">
     <span class='ocr_line' id='line_1_2' title="bbox 274 387 1681 435; baseline 0 -13"><span class='ocrx_word' id='word_1_5' title='bbox 274 400 345 422; x_wconf 86' lang='lat' dir='ltr'>rem</span> <span class='ocrx_word' id='word_1_6' title='bbox 362 401 369 422; x_wconf 73' lang='grc' dir='ltr'>ε</span> <span class='ocrx_word' id='word_1_7' title='bbox 384 387 559 427; x_wconf 80' lang='lat' dir='ltr'>liberatus,</span> <span class='ocrx_word' id='word_1_8' title='bbox 579 387 750 423; x_wconf 84' lang='lat' dir='ltr'>Joannam</span> <span class='ocrx_word' id='word_1_9' title='bbox 771 387 1009 435; x_wconf 84' lang='lat' dir='ltr'>Hepburnam,</span> <span class='ocrx_word' id='word_1_10' title='bbox 1031 387 1216 422; x_wconf 83' lang='lat' dir='ltr'>Vachtonii</span> <span class='ocrx_word' id='word_1_11' title='bbox 1245 388 1277 422; x_wconf 93' lang='lat' dir='ltr'>in</span> <span class='ocrx_word' id='word_1_12' title='bbox 1300 388 1472 423; x_wconf 83' lang='lat' dir='ltr'>Lothiana</span> <span class='ocrx_word' id='word_1_13' title='bbox 1488 389 1603 429; x_wconf 89' lang='lat' dir='ltr'>filiam,</span> <span class='ocrx_word' id='word_1_14' title='bbox 1623 400 1681 422; x_wconf 78' lang='lat' dir='ltr'>ux-</span> 
     </span>
     <span class='ocr_line' id='line_1_3' title="bbox 275 446 1683 494; baseline 0 -13"><span class='ocrx_word' id='word_1_15' title='bbox 275 459 367 481; x_wconf 89' lang='lat' dir='ltr'>orem</span> <span class='ocrx_word' id='word_1_16' title='bbox 395 447 539 494; x_wconf 83' lang='lat' dir='ltr'>accepit,</span> <span class='ocrx_word' id='word_1_17' title='bbox 559 453 593 481; x_wconf 82' lang='lat' dir='ltr'>et</span> <span class='ocrx_word' id='word_1_18' title='bbox 610 447 716 486; x_wconf 85' lang='lat' dir='ltr'>litem,</span> <span class='ocrx_word' id='word_1_19' title='bbox 736 459 812 494; x_wconf 83' lang='lat' dir='ltr'>quae</span> <span class='ocrx_word' id='word_1_20' title='bbox 832 447 862 481; x_wconf 91' lang='lat' dir='ltr'>ei</span> <span class='ocrx_word' id='word_1_21' title='bbox 882 459 959 481; x_wconf 87' lang='lat' dir='ltr'>cum</span> <span class='ocrx_word' id='word_1_22' title='bbox 984 459 1025 481; x_wconf 89' lang='lat' dir='ltr'>ea</span> <span class='ocrx_word' id='word_1_23' title='bbox 1042 446 1173 480; x_wconf 84' lang='lat' dir='ltr'>familia</span> <span class='ocrx_word' id='word_1_24' title='bbox 1202 447 1245 481; x_wconf 92' lang='lat' dir='ltr'>de</span> <span class='ocrx_word' id='word_1_25' title='bbox 1266 446 1460 481; x_wconf 85' lang='lat' dir='ltr'>Thurstono</span> <span class='ocrx_word' id='word_1_26' title='bbox 1488 454 1570 489; x_wconf 85' lang='lat' dir='ltr'>erat,</span> <span class='ocrx_word' id='word_1_27' title='bbox 1592 459 1683 482; x_wconf 89' lang='lat' dir='ltr'>com-</span> 
     </span>
     <span class='ocr_line' id='line_1_4' title="bbox 274 504 1682 552; baseline 0.001 -13"><span class='ocrx_word' id='word_1_28' title='bbox 274 505 396 552; x_wconf 85' lang='lat' dir='ltr'><strong>posuit,</strong></span> <span class='ocrx_word' id='word_1_29' title='bbox 427 511 565 552; x_wconf 84' lang='lat' dir='ltr'>recepto</span> <span class='ocrx_word' id='word_1_30' title='bbox 600 505 632 539; x_wconf 90' lang='lat' dir='ltr'>in</span> <span class='ocrx_word' id='word_1_31' title='bbox 661 504 894 552; x_wconf 82' lang='lat' dir='ltr'>poffeffionem</span> <span class='ocrx_word' id='word_1_32' title='bbox 922 504 1041 539; x_wconf 85' lang='lat' dir='ltr'>fundo.</span> <span class='ocrx_word' id='word_1_33' title='bbox 1095 504 1253 539; x_wconf 75' lang='lat' dir='ltr'><strong>Duxerat</strong></span> <span class='ocrx_word' id='word_1_34' title='bbox 1288 505 1377 539; x_wconf 89' lang='lat' dir='ltr'>enim</span> <span class='ocrx_word' id='word_1_35' title='bbox 1405 505 1558 540; x_wconf 81' lang='lat' dir='ltr'>Joannes</span> <span class='ocrx_word' id='word_1_36' title='bbox 1588 505 1682 552; x_wconf 86' lang='lat' dir='ltr'>Hep-</span> 
     </span>
     <span class='ocr_line' id='line_1_5' title="bbox 275 563 1681 611; baseline 0 -13"><span class='ocrx_word' id='word_1_37' title='bbox 275 564 425 604; x_wconf 81' lang='lat' dir='ltr'>burnius,</span> <span class='ocrx_word' id='word_1_38' title='bbox 456 564 594 598; x_wconf 87' lang='lat' dir='ltr'>Patricii</span> <span class='ocrx_word' id='word_1_39' title='bbox 621 564 735 605; x_wconf 83' lang='lat' dir='ltr'>frater,</span> <span class='ocrx_word' id='word_1_40' title='bbox 761 563 925 610; x_wconf 80' lang='lat' dir='ltr'>sybillam</span> <span class='ocrx_word' id='word_1_41' title='bbox 946 563 1094 605; x_wconf 88' lang='lat' dir='ltr'>Vallam,</span> <span class='ocrx_word' id='word_1_42' title='bbox 1115 570 1148 598; x_wconf 84' lang='lat' dir='ltr'>et</span> <span class='ocrx_word' id='word_1_43' title='bbox 1167 563 1323 605; x_wconf 80' lang='lat' dir='ltr'>fundum,</span> <span class='ocrx_word' id='word_1_44' title='bbox 1354 577 1413 611; x_wconf 89' lang='lat' dir='ltr'>per</span> <span class='ocrx_word' id='word_1_45' title='bbox 1436 565 1681 599; x_wconf 82' lang='lat' dir='ltr'>novemdecem</span> 
     </span>
     <span class='ocr_line' id='line_1_6' title="bbox 275 621 1680 670; baseline 0 -13"><span class='ocrx_word' id='word_1_46' title='bbox 275 635 440 657; x_wconf 86' lang='lat' dir='ltr'>annorum</span> <span class='ocrx_word' id='word_1_47' title='bbox 459 623 615 669; x_wconf 85' lang='lat' dir='ltr'>spatium,</span> <span class='ocrx_word' id='word_1_48' title='bbox 635 622 811 664; x_wconf 81' lang='lat' dir='ltr'>utendum,</span> <span class='ocrx_word' id='word_1_49' title='bbox 831 621 1024 663; x_wconf 87' lang='lat' dir='ltr'>fruendum,</span> <span class='ocrx_word' id='word_1_50' title='bbox 1045 622 1219 656; x_wconf 87' lang='lat' dir='ltr'>reddendo</span> <span class='ocrx_word' id='word_1_51' title='bbox 1235 623 1410 657; x_wconf 79' lang='lat' dir='ltr'>annuatim</span> <span class='ocrx_word' id='word_1_52' title='bbox 1430 623 1549 670; x_wconf 81' lang='lat' dir='ltr'>viginti</span> <span class='ocrx_word' id='word_1_53' title='bbox 1567 623 1680 664; x_wconf 75' lang='lat' dir='ltr'>libras,</span> 
     </span>
     <span class='ocr_line' id='line_1_7' title="bbox 276 680 1684 727; baseline 0.001 -13"><span class='ocrx_word' id='word_1_54' title='bbox 276 693 295 715; x_wconf 85' lang='lat' dir='ltr'>a</span> <span class='ocrx_word' id='word_1_55' title='bbox 316 680 490 715; x_wconf 85' lang='lat' dir='ltr'>Gulielmo</span> <span class='ocrx_word' id='word_1_56' title='bbox 511 680 613 715; x_wconf 84' lang='lat' dir='ltr'>Valla</span> <span class='ocrx_word' id='word_1_57' title='bbox 636 680 766 727; x_wconf 83' lang='lat' dir='ltr'>Cragio</span> <span class='ocrx_word' id='word_1_58' title='bbox 793 686 998 727; x_wconf 72' lang='lat' dir='ltr'>acceperat,</span> <span class='ocrx_word' id='word_1_59' title='bbox 1027 680 1118 714; x_wconf 86' lang='lat' dir='ltr'>unde</span> <span class='ocrx_word' id='word_1_60' title='bbox 1147 693 1224 715; x_wconf 90' lang='lat' dir='ltr'>cum</span> <span class='ocrx_word' id='word_1_61' title='bbox 1251 680 1528 715; x_wconf 56' lang='lat' dir='ltr'>WVedderbnruia</span> <span class='ocrx_word' id='word_1_62' title='bbox 1554 682 1684 716; x_wconf 82' lang='lat' dir='ltr'>familia</span> 
     </span>
     <span class='ocr_line' id='line_1_8' title="bbox 274 739 1680 786; baseline 0.001 -13"><span class='ocrx_word' id='word_1_63' title='bbox 274 739 469 781; x_wconf 66' lang='lat' dir='ltr'>inimicitiae,</span> <span class='ocrx_word' id='word_1_64' title='bbox 491 752 567 774; x_wconf 90' lang='lat' dir='ltr'>eam</span> <span class='ocrx_word' id='word_1_65' title='bbox 586 739 630 773; x_wconf 92' lang='lat' dir='ltr'>ob</span> <span class='ocrx_word' id='word_1_66' title='bbox 645 739 793 781; x_wconf 84' lang='lat' dir='ltr'>causam,</span> <span class='ocrx_word' id='word_1_67' title='bbox 814 739 986 786; x_wconf 60' lang='lat' dir='ltr'>susceptae,</span> <span class='ocrx_word' id='word_1_68' title='bbox 1007 744 1041 773; x_wconf 84' lang='lat' dir='ltr'>et</span> <span class='ocrx_word' id='word_1_69' title='bbox 1056 739 1134 773; x_wconf 76' lang='lat' dir='ltr'>satis</span> <span class='ocrx_word' id='word_1_70' title='bbox 1154 740 1275 774; x_wconf 79' lang='lat' dir='ltr'>acriter</span> <span class='ocrx_word' id='word_1_71' title='bbox 1294 739 1492 786; x_wconf 85' lang='lat' dir='ltr'>aliquandiu</span> <span class='ocrx_word' id='word_1_72' title='bbox 1511 740 1680 781; x_wconf 74' lang='lat' dir='ltr'>exercitae,</span> 
     </span>
     <span class='ocr_line' id='line_1_9' title="bbox 273 796 1683 845; baseline 0 -13"><span class='ocrx_word' id='word_1_73' title='bbox 273 798 338 833; x_wconf 87' lang='lat' dir='ltr'>hac</span> <span class='ocrx_word' id='word_1_74' title='bbox 356 798 494 833; x_wconf 88' lang='lat' dir='ltr'>demum</span> <span class='ocrx_word' id='word_1_75' title='bbox 513 798 643 833; x_wconf 86' lang='lat' dir='ltr'>ratione</span> <span class='ocrx_word' id='word_1_76' title='bbox 671 796 865 845; x_wconf 60' lang='lat' dir='ltr'>compositae</span> <span class='ocrx_word' id='word_1_77' title='bbox 894 798 979 832; x_wconf 88' lang='lat' dir='ltr'>sunt.</span> <span class='ocrx_word' id='word_1_78' title='bbox 1034 796 1163 831; x_wconf 86' lang='lat' dir='ltr'>Genuit</span> <span class='ocrx_word' id='word_1_79' title='bbox 1183 810 1224 832; x_wconf 87' lang='lat' dir='ltr'>ex</span> <span class='ocrx_word' id='word_1_80' title='bbox 1240 810 1280 832; x_wconf 87' lang='lat' dir='ltr'>ea</span> <span class='ocrx_word' id='word_1_81' title='bbox 1307 798 1443 839; x_wconf 84' lang='lat' dir='ltr'>liberos,</span> <span class='ocrx_word' id='word_1_82' title='bbox 1466 798 1566 832; x_wconf 78' lang='lat' dir='ltr'>virilis</span> <span class='ocrx_word' id='word_1_83' title='bbox 1586 798 1683 832; x_wconf 75' lang='lat' dir='ltr'>sexus</span> 
     </span>
     <span class='ocr_line' id='line_1_10' title="bbox 275 856 1682 903; baseline 0 -12"><span class='ocrx_word' id='word_1_84' title='bbox 275 869 392 897; x_wconf 87' lang='lat' dir='ltr'>unum,</span> <span class='ocrx_word' id='word_1_85' title='bbox 411 856 497 891; x_wconf 84' lang='lat' dir='ltr'>filias</span> <span class='ocrx_word' id='word_1_86' title='bbox 525 857 621 898; x_wconf 75' lang='lat' dir='ltr'>duas,</span> <span class='ocrx_word' id='word_1_87' title='bbox 650 868 796 903; x_wconf 82' lang='lat' dir='ltr'>quorum</span> <span class='ocrx_word' id='word_1_88' title='bbox 814 856 870 890; x_wconf 86' lang='lat' dir='ltr'>ille</span> <span class='ocrx_word' id='word_1_89' title='bbox 890 861 969 890; x_wconf 75' lang='lat' dir='ltr'>ante</span> <span class='ocrx_word' id='word_1_90' title='bbox 988 864 1129 901; x_wconf 84' lang='lat' dir='ltr'>patrem,</span> <span class='ocrx_word' id='word_1_91' title='bbox 1151 856 1221 891; x_wconf 83' lang='lat' dir='ltr'>istae</span> <span class='ocrx_word' id='word_1_92' title='bbox 1241 856 1418 903; x_wconf 86' lang='lat' dir='ltr'>aliquanto</span> <span class='ocrx_word' id='word_1_93' title='bbox 1448 857 1521 903; x_wconf 81' lang='lat' dir='ltr'>post</span> <span class='ocrx_word' id='word_1_94' title='bbox 1540 863 1682 891; x_wconf 82' lang='lat' dir='ltr'>mortuae</span> 
     </span>
     <span class='ocr_line' id='line_1_11' title="bbox 274 914 1684 962; baseline 0 -13"><span class='ocrx_word' id='word_1_95' title='bbox 274 916 361 950; x_wconf 87' lang='lat' dir='ltr'>sunt.</span> <span class='ocrx_word' id='word_1_96' title='bbox 415 915 633 950; x_wconf 82' lang='lat' dir='ltr'>Avunculum</span> <span class='ocrx_word' id='word_1_97' title='bbox 652 915 778 949; x_wconf 82' lang='lat' dir='ltr'>amavit</span> <span class='ocrx_word' id='word_1_98' title='bbox 796 915 944 949; x_wconf 78' lang='lat' dir='ltr'>maxime</span> <span class='ocrx_word' id='word_1_99' title='bbox 964 920 998 949; x_wconf 84' lang='lat' dir='ltr'>et</span> <span class='ocrx_word' id='word_1_100' title='bbox 1016 914 1131 956; x_wconf 83' lang='lat' dir='ltr'>coluit,</span> <span class='ocrx_word' id='word_1_101' title='bbox 1153 915 1254 962; x_wconf 87' lang='lat' dir='ltr'>eique</span> <span class='ocrx_word' id='word_1_102' title='bbox 1282 915 1385 949; x_wconf 86' lang='lat' dir='ltr'>etiam</span> <span class='ocrx_word' id='word_1_103' title='bbox 1401 922 1519 949; x_wconf 83' lang='lat' dir='ltr'>contra</span> <span class='ocrx_word' id='word_1_104' title='bbox 1537 915 1684 962; x_wconf 77' lang='lat' dir='ltr'>Georgi-</span> 
     </span>
     <span class='ocr_line' id='line_1_12' title="bbox 276 972 1686 1020; baseline 0 -12"><span class='ocrx_word' id='word_1_105' title='bbox 276 986 333 1008; x_wconf 87' lang='lat' dir='ltr'>um</span> <span class='ocrx_word' id='word_1_106' title='bbox 354 973 520 1008; x_wconf 84' lang='lat' dir='ltr'>Humium</span> <span class='ocrx_word' id='word_1_107' title='bbox 539 973 727 1020; x_wconf 84' lang='lat' dir='ltr'>principem</span> <span class='ocrx_word' id='word_1_108' title='bbox 746 973 789 1007; x_wconf 89' lang='lat' dir='ltr'>ad</span> <span class='ocrx_word' id='word_1_109' title='bbox 811 972 1177 1020; x_wconf 69' lang='lat' dir='ltr'>Cockburnesperhum</span> <span class='ocrx_word' id='word_1_110' title='bbox 1198 973 1319 1015; x_wconf 88' lang='lat' dir='ltr'>adfuit,</span> <span class='ocrx_word' id='word_1_111' title='bbox 1341 973 1373 1008; x_wconf 90' lang='lat' dir='ltr'>id</span> <span class='ocrx_word' id='word_1_112' title='bbox 1393 986 1433 1008; x_wconf 83' lang='lat' dir='ltr'>ex</span> <span class='ocrx_word' id='word_1_113' title='bbox 1453 974 1565 1008; x_wconf 86' lang='lat' dir='ltr'>officio</span> <span class='ocrx_word' id='word_1_114' title='bbox 1580 974 1686 1008; x_wconf 84' lang='lat' dir='ltr'>maxi-</span> 
     </span>
     <span class='ocr_line' id='line_1_13' title="bbox 277 1030 1685 1078; baseline -0.001 -11"><span class='ocrx_word' id='word_1_115' title='bbox 277 1045 332 1067; x_wconf 88' lang='lat' dir='ltr'>me</span> <span class='ocrx_word' id='word_1_116' title='bbox 352 1032 418 1067; x_wconf 82' lang='lat' dir='ltr'>effe</span> <span class='ocrx_word' id='word_1_117' title='bbox 436 1039 540 1067; x_wconf 80' lang='lat' dir='ltr'>ratus.</span> <span class='ocrx_word' id='word_1_118' title='bbox 593 1031 728 1073; x_wconf 83' lang='lat' dir='ltr'>Eidem,</span> <span class='ocrx_word' id='word_1_119' title='bbox 749 1031 866 1078; x_wconf 84' lang='lat' dir='ltr'>praelio</span> <span class='ocrx_word' id='word_1_120' title='bbox 896 1031 939 1065; x_wconf 84' lang='lat' dir='ltr'>ad</span> <span class='ocrx_word' id='word_1_121' title='bbox 958 1030 1232 1078; x_wconf 81' lang='lat' dir='ltr'>Muffelburgum</span> <span class='ocrx_word' id='word_1_122' title='bbox 1251 1032 1285 1066; x_wconf 87' lang='lat' dir='ltr'>se</span> <span class='ocrx_word' id='word_1_123' title='bbox 1308 1032 1433 1078; x_wconf 72' lang='lat' dir='ltr'>junxit,</span> <span class='ocrx_word' id='word_1_124' title='bbox 1455 1045 1494 1067; x_wconf 85' lang='lat' dir='ltr'>ac</span> <span class='ocrx_word' id='word_1_125' title='bbox 1522 1033 1553 1066; x_wconf 89' lang='lat' dir='ltr'>in</span> <span class='ocrx_word' id='word_1_126' title='bbox 1578 1033 1685 1078; x_wconf 87' lang='lat' dir='ltr'>prima</span> 
     </span>
     <span class='ocr_line' id='line_1_14' title="bbox 276 1089 1685 1137; baseline 0 -11"><span class='ocrx_word' id='word_1_127' title='bbox 276 1092 349 1126; x_wconf 85' lang='lat' dir='ltr'>acie</span> <span class='ocrx_word' id='word_1_128' title='bbox 368 1092 473 1126; x_wconf 76' lang='lat' dir='ltr'>caesus</span> <span class='ocrx_word' id='word_1_129' title='bbox 492 1091 560 1131; x_wconf 86' lang='lat' dir='ltr'>est;</span> <span class='ocrx_word' id='word_1_130' title='bbox 580 1091 625 1125; x_wconf 90' lang='lat' dir='ltr'>ibi</span> <span class='ocrx_word' id='word_1_131' title='bbox 644 1091 730 1125; x_wconf 84' lang='lat' dir='ltr'>inter</span> <span class='ocrx_word' id='word_1_132' title='bbox 749 1090 917 1124; x_wconf 86' lang='lat' dir='ltr'>cadavera</span> <span class='ocrx_word' id='word_1_133' title='bbox 936 1089 994 1124; x_wconf 84' lang='lat' dir='ltr'>diu</span> <span class='ocrx_word' id='word_1_134' title='bbox 1018 1090 1186 1137; x_wconf 68' lang='lat' dir='ltr'>quaesitus,</span> <span class='ocrx_word' id='word_1_135' title='bbox 1207 1090 1347 1125; x_wconf 83' lang='lat' dir='ltr'>tandem</span> <span class='ocrx_word' id='word_1_136' title='bbox 1366 1091 1522 1125; x_wconf 73' lang='lat' dir='ltr'>inventus</span> <span class='ocrx_word' id='word_1_137' title='bbox 1549 1091 1606 1133; x_wconf 83' lang='lat' dir='ltr'>est,</span> <span class='ocrx_word' id='word_1_138' title='bbox 1628 1091 1685 1126; x_wconf 86' lang='lat' dir='ltr'>ad-</span> 
     </span>
     <span class='ocr_line' id='line_1_15' title="bbox 276 1149 1686 1196; baseline -0.001 -11"><span class='ocrx_word' id='word_1_139' title='bbox 276 1150 376 1185; x_wconf 76' lang='lat' dir='ltr'>versis</span> <span class='ocrx_word' id='word_1_140' title='bbox 394 1149 589 1185; x_wconf 83' lang='lat' dir='ltr'>vulneribus</span> <span class='ocrx_word' id='word_1_141' title='bbox 607 1149 759 1196; x_wconf 79' lang='lat' dir='ltr'>plurimis</span> <span class='ocrx_word' id='word_1_142' title='bbox 778 1149 970 1188; x_wconf 60' lang='lat' dir='ltr'>confeetus,</span> <span class='ocrx_word' id='word_1_143' title='bbox 986 1161 1062 1195; x_wconf 83' lang='lat' dir='ltr'>quae</span> <span class='ocrx_word' id='word_1_144' title='bbox 1077 1149 1235 1183; x_wconf 69' lang='lat' dir='ltr'>virtutem</span> <span class='ocrx_word' id='word_1_145' title='bbox 1255 1149 1366 1196; x_wconf 82' lang='lat' dir='ltr'>ipfius,</span> <span class='ocrx_word' id='word_1_146' title='bbox 1384 1155 1417 1184; x_wconf 88' lang='lat' dir='ltr'>et</span> <span class='ocrx_word' id='word_1_147' title='bbox 1431 1150 1531 1196; x_wconf 84' lang='lat' dir='ltr'>juxta</span> <span class='ocrx_word' id='word_1_148' title='bbox 1545 1150 1686 1184; x_wconf 77' lang='lat' dir='ltr'>clientes</span> 
     </span>
     <span class='ocr_line' id='line_1_16' title="bbox 274 1208 1689 1256; baseline -0.001 -12"><span class='ocrx_word' id='word_1_149' title='bbox 274 1209 448 1256; x_wconf 85' lang='lat' dir='ltr'>jacebant,</span> <span class='ocrx_word' id='word_1_150' title='bbox 469 1208 560 1255; x_wconf 89' lang='lat' dir='ltr'>quod</span> <span class='ocrx_word' id='word_1_151' title='bbox 590 1220 708 1242; x_wconf 88' lang='lat' dir='ltr'>eorum</span> <span class='ocrx_word' id='word_1_152' title='bbox 731 1208 830 1242; x_wconf 85' lang='lat' dir='ltr'>fidem</span> <span class='ocrx_word' id='word_1_153' title='bbox 858 1208 1047 1242; x_wconf 72' lang='lat' dir='ltr'>testaretur.</span> <span class='ocrx_word' id='word_1_154' title='bbox 1100 1208 1330 1255; x_wconf 78' lang='lat' dir='ltr'>Dunglafl‘um</span> <span class='ocrx_word' id='word_1_155' title='bbox 1359 1208 1568 1255; x_wconf 77' lang='lat' dir='ltr'>deportatus,</span> <span class='ocrx_word' id='word_1_156' title='bbox 1590 1215 1621 1243; x_wconf 83' lang='lat' dir='ltr'>et</span> <span class='ocrx_word' id='word_1_157' title='bbox 1643 1209 1689 1243; x_wconf 78' lang='lat' dir='ltr'>se-</span> 
     </span>
     <span class='ocr_line' id='line_1_17' title="bbox 277 1267 774 1315; baseline -0.002 -13"><span class='ocrx_word' id='word_1_158' title='bbox 277 1268 392 1315; x_wconf 81' lang='lat' dir='ltr'>pultus</span> <span class='ocrx_word' id='word_1_159' title='bbox 411 1267 563 1308; x_wconf 80' lang='lat' dir='ltr'>est‚—de</span> <span class='ocrx_word' id='word_1_160' title='bbox 582 1279 650 1314; x_wconf 88' lang='lat' dir='ltr'>quo</span> <span class='ocrx_word' id='word_1_161' title='bbox 669 1267 774 1302; x_wconf 90' lang='lat' dir='ltr'>illud:</span> 
     </span>
    </p>
   </div>
   <div class='ocr_carea' id='block_1_3' title="bbox 449 1383 1538 1841">
    <p class='ocr_par' dir='ltr' id='par_1_3' title="bbox 451 1383 1538 1489">
     <span class='ocr_line' id='line_1_18' title="bbox 451 1383 1538 1431; baseline -0.001 -13"><span class='ocrx_word' id='word_1_162' title='bbox 451 1384 607 1431; x_wconf 81' lang='lat' dir='ltr'>Dignum</span> <span class='ocrx_word' id='word_1_163' title='bbox 627 1383 800 1430; x_wconf 83' lang='lat' dir='ltr'>utriusque</span> <span class='ocrx_word' id='word_1_164' title='bbox 820 1384 938 1424; x_wconf 77' lang='lat' dir='ltr'>atavis,</span> <span class='ocrx_word' id='word_1_165' title='bbox 960 1383 1040 1418; x_wconf 88' lang='lat' dir='ltr'>dum</span> <span class='ocrx_word' id='word_1_166' title='bbox 1059 1395 1114 1418; x_wconf 88' lang='lat' dir='ltr'>me</span> <span class='ocrx_word' id='word_1_167' title='bbox 1133 1383 1206 1424; x_wconf 81' lang='lat' dir='ltr'>tibi,</span> <span class='ocrx_word' id='word_1_168' title='bbox 1226 1383 1404 1425; x_wconf 73' lang='lat' dir='ltr'>avuncule,</span> <span class='ocrx_word' id='word_1_169' title='bbox 1426 1383 1538 1425; x_wconf 78' lang='lat' dir='ltr'>testor,</span> 
     </span>
     <span class='ocr_line' id='line_1_19' title="bbox 498 1442 1171 1489; baseline 0 -13"><span class='ocrx_word' id='word_1_170' title='bbox 498 1442 737 1489; x_wconf 87' lang='lat' dir='ltr'>Auspiciisque</span> <span class='ocrx_word' id='word_1_171' title='bbox 756 1443 834 1476; x_wconf 88' lang='lat' dir='ltr'>ineo</span> <span class='ocrx_word' id='word_1_172' title='bbox 854 1442 971 1489; x_wconf 80' lang='lat' dir='ltr'>praelia</span> <span class='ocrx_word' id='word_1_173' title='bbox 990 1442 1073 1476; x_wconf 78' lang='lat' dir='ltr'>dura</span> <span class='ocrx_word' id='word_1_174' title='bbox 1093 1442 1171 1482; x_wconf 71' lang='lat' dir='ltr'>tuis,</span> 
     </span>
    </p>

    <p class='ocr_par' dir='ltr' id='par_1_4' title="bbox 449 1501 1280 1595">
     <span class='ocr_line' id='line_1_20' title="bbox 449 1501 1280 1548; baseline -0.001 -12"><span class='ocrx_word' id='word_1_175' title='bbox 449 1501 608 1536; x_wconf 87' lang='lat' dir='ltr'>Occubui</span> <span class='ocrx_word' id='word_1_176' title='bbox 627 1501 753 1548; x_wconf 68' lang='lat' dir='ltr'>primae,</span> <span class='ocrx_word' id='word_1_177' title='bbox 775 1502 849 1548; x_wconf 84' lang='lat' dir='ltr'>spes</span> <span class='ocrx_word' id='word_1_178' title='bbox 868 1501 1001 1548; x_wconf 76' lang='lat' dir='ltr'>ingens,</span> <span class='ocrx_word' id='word_1_179' title='bbox 1022 1501 1102 1535; x_wconf 88' lang='lat' dir='ltr'>flore</span> <span class='ocrx_word' id='word_1_180' title='bbox 1117 1501 1280 1547; x_wconf 73' lang='lat' dir='ltr'>juventae,</span> 
     </span>
     <span class='ocr_line' id='line_1_21' title="bbox 499 1559 1245 1595; baseline -0.001 -1"><span class='ocrx_word' id='word_1_181' title='bbox 499 1559 605 1595; x_wconf 88' lang='lat' dir='ltr'>Haud</span> <span class='ocrx_word' id='word_1_182' title='bbox 624 1560 734 1594; x_wconf 88' lang='lat' dir='ltr'>minor</span> <span class='ocrx_word' id='word_1_183' title='bbox 748 1559 887 1594; x_wconf 76' lang='lat' dir='ltr'>exeelfis</span> <span class='ocrx_word' id='word_1_184' title='bbox 905 1560 992 1594; x_wconf 82' lang='lat' dir='ltr'>forte</span> <span class='ocrx_word' id='word_1_185' title='bbox 1011 1560 1144 1594; x_wconf 84' lang='lat' dir='ltr'>futurus</span> <span class='ocrx_word' id='word_1_186' title='bbox 1164 1560 1245 1594; x_wconf 80' lang='lat' dir='ltr'>avis.</span> 
     </span>
    </p>

    <p class='ocr_par' dir='ltr' id='par_1_5' title="bbox 449 1617 1318 1723">
     <span class='ocr_line' id='line_1_22' title="bbox 449 1617 1318 1664; baseline -0.001 -11"><span class='ocrx_word' id='word_1_187' title='bbox 449 1619 531 1653; x_wconf 80' lang='lat' dir='ltr'>Vita</span> <span class='ocrx_word' id='word_1_188' title='bbox 549 1619 659 1653; x_wconf 77' lang='lat' dir='ltr'>brevis</span> <span class='ocrx_word' id='word_1_189' title='bbox 674 1618 790 1659; x_wconf 84' lang='lat' dir='ltr'>vetuit,</span> <span class='ocrx_word' id='word_1_190' title='bbox 811 1630 901 1652; x_wconf 81' lang='lat' dir='ltr'>mors</span> <span class='ocrx_word' id='word_1_191' title='bbox 920 1618 1084 1664; x_wconf 76' lang='lat' dir='ltr'>praestitit,</span> <span class='ocrx_word' id='word_1_192' title='bbox 1103 1618 1232 1664; x_wconf 75' lang='lat' dir='ltr'>aequior</span> <span class='ocrx_word' id='word_1_193' title='bbox 1250 1617 1318 1657; x_wconf 85' lang='lat' dir='ltr'>illa,</span> 
     </span>
     <span class='ocr_line' id='line_1_23' title="bbox 499 1676 1263 1723; baseline -0.001 -12"><span class='ocrx_word' id='word_1_194' title='bbox 499 1677 591 1718; x_wconf 85' lang='lat' dir='ltr'>Quid</span> <span class='ocrx_word' id='word_1_195' title='bbox 610 1677 746 1717; x_wconf 86' lang='lat' dir='ltr'>referet,</span> <span class='ocrx_word' id='word_1_196' title='bbox 765 1689 894 1723; x_wconf 79' lang='lat' dir='ltr'>paucos</span> <span class='ocrx_word' id='word_1_197' title='bbox 913 1676 936 1710; x_wconf 89' lang='lat' dir='ltr'>fi</span> <span class='ocrx_word' id='word_1_198' title='bbox 954 1676 1046 1711; x_wconf 81' lang='lat' dir='ltr'>venit</span> <span class='ocrx_word' id='word_1_199' title='bbox 1065 1682 1144 1711; x_wconf 86' lang='lat' dir='ltr'>ante</span> <span class='ocrx_word' id='word_1_200' title='bbox 1163 1677 1263 1711; x_wconf 84' lang='lat' dir='ltr'>dies?</span> 
     </span>
    </p>

    <p class='ocr_par' dir='ltr' id='par_1_6' title="bbox 451 1734 1503 1841">
     <span class='ocr_line' id='line_1_24' title="bbox 451 1734 1503 1782; baseline 0 -12"><span class='ocrx_word' id='word_1_201' title='bbox 451 1736 571 1775; x_wconf 80' lang='lat' dir='ltr'>Parce,</span> <span class='ocrx_word' id='word_1_202' title='bbox 591 1747 726 1782; x_wconf 81' lang='lat' dir='ltr'>parens,</span> <span class='ocrx_word' id='word_1_203' title='bbox 745 1734 928 1776; x_wconf 81' lang='lat' dir='ltr'>lachrimis,</span> <span class='ocrx_word' id='word_1_204' title='bbox 949 1740 984 1769; x_wconf 82' lang='lat' dir='ltr'>et</span> <span class='ocrx_word' id='word_1_205' title='bbox 1002 1742 1146 1782; x_wconf 85' lang='lat' dir='ltr'>patrem,</span> <span class='ocrx_word' id='word_1_206' title='bbox 1165 1741 1199 1769; x_wconf 82' lang='lat' dir='ltr'>et</span> <span class='ocrx_word' id='word_1_207' title='bbox 1214 1747 1314 1770; x_wconf 82' lang='lat' dir='ltr'>cerne</span> <span class='ocrx_word' id='word_1_208' title='bbox 1334 1736 1503 1778; x_wconf 84' lang='lat' dir='ltr'>maritum,</span> 
     </span>
     <span class='ocr_line' id='line_1_25' title="bbox 498 1793 1317 1841; baseline -0.001 -12"><span class='ocrx_word' id='word_1_209' title='bbox 498 1793 579 1829; x_wconf 89' lang='lat' dir='ltr'>Non</span> <span class='ocrx_word' id='word_1_210' title='bbox 598 1794 688 1841; x_wconf 81' lang='lat' dir='ltr'>paris</span> <span class='ocrx_word' id='word_1_211' title='bbox 706 1793 896 1840; x_wconf 84' lang='lat' dir='ltr'>indignum,</span> <span class='ocrx_word' id='word_1_212' title='bbox 915 1805 983 1828; x_wconf 90' lang='lat' dir='ltr'>non</span> <span class='ocrx_word' id='word_1_213' title='bbox 1003 1794 1092 1840; x_wconf 74' lang='lat' dir='ltr'>paris</span> <span class='ocrx_word' id='word_1_214' title='bbox 1110 1794 1317 1828; x_wconf 79' lang='lat' dir='ltr'>indecorem.</span> 
     </span>
    </p>
   </div>
   <div class='ocr_carea' id='block_1_4' title="bbox 283 1909 1688 2076">
    <p class='ocr_par' dir='ltr' id='par_1_7' title="bbox 283 1909 1688 2076">
     <span class='ocr_line' id='line_1_26' title="bbox 333 1909 1688 1959; baseline 0 -13"><span class='ocrx_word' id='word_1_215' title='bbox 333 1911 526 1959; x_wconf 79' lang='lat' dir='ltr'>Supervixit</span> <span class='ocrx_word' id='word_1_216' title='bbox 553 1922 648 1950; x_wconf 80' lang='lat' dir='ltr'>uxor,</span> <span class='ocrx_word' id='word_1_217' title='bbox 674 1909 795 1944; x_wconf 86' lang='lat' dir='ltr'>mulier</span> <span class='ocrx_word' id='word_1_218' title='bbox 824 1921 1001 1956; x_wconf 77' lang='lat' dir='ltr'>arrogans,</span> <span class='ocrx_word' id='word_1_219' title='bbox 1030 1915 1076 1949; x_wconf 85' lang='lat' dir='ltr'>et,</span> <span class='ocrx_word' id='word_1_220' title='bbox 1102 1909 1341 1956; x_wconf 79' lang='lat' dir='ltr'>gubernatoris</span> <span class='ocrx_word' id='word_1_221' title='bbox 1363 1909 1688 1958; x_wconf 80' lang='lat' dir='ltr'>Castellorotii(1&#39;eu</span> 
     </span>
     <span class='ocr_line' id='line_1_27' title="bbox 285 1967 1687 2017; baseline -0.001 -11"><span class='ocrx_word' id='word_1_222' title='bbox 285 1970 471 2006; x_wconf 86' lang='lat' dir='ltr'>Castellum</span> <span class='ocrx_word' id='word_1_223' title='bbox 493 1968 636 2003; x_wconf 86' lang='lat' dir='ltr'>Heraldi</span> <span class='ocrx_word' id='word_1_224' title='bbox 654 1967 779 2014; x_wconf 79' lang='lat' dir='ltr'>mavis)</span> <span class='ocrx_word' id='word_1_225' title='bbox 800 1974 966 2014; x_wconf 86' lang='lat' dir='ltr'>tempore,</span> <span class='ocrx_word' id='word_1_226' title='bbox 985 1967 1112 2002; x_wconf 86' lang='lat' dir='ltr'>Joanni</span> <span class='ocrx_word' id='word_1_227' title='bbox 1129 1967 1331 2002; x_wconf 86' lang='lat' dir='ltr'>Hamiltono</span> <span class='ocrx_word' id='word_1_228' title='bbox 1353 1968 1548 2003; x_wconf 83' lang='lat' dir='ltr'>Cumnokio</span> <span class='ocrx_word' id='word_1_229' title='bbox 1568 1970 1687 2017; x_wconf 85' lang='lat' dir='ltr'>nupfit,</span> 
     </span>
     <span class='ocr_line' id='line_1_28' title="bbox 283 2026 1099 2076; baseline -0.005 -12"><span class='ocrx_word' id='word_1_230' title='bbox 283 2041 384 2076; x_wconf 90' lang='lat' dir='ltr'>quem</span> <span class='ocrx_word' id='word_1_231' title='bbox 404 2034 438 2063; x_wconf 83' lang='lat' dir='ltr'>et</span> <span class='ocrx_word' id='word_1_232' title='bbox 457 2040 476 2062; x_wconf 82' lang='lat' dir='ltr'>a</span> <span class='ocrx_word' id='word_1_233' title='bbox 494 2026 682 2061; x_wconf 84' lang='lat' dir='ltr'>latronibus</span> <span class='ocrx_word' id='word_1_234' title='bbox 700 2026 940 2061; x_wconf 83' lang='lat' dir='ltr'>trucidandum</span> <span class='ocrx_word' id='word_1_235' title='bbox 959 2026 1099 2061; x_wconf 84' lang='lat' dir='ltr'>curavit.</span> 
     </span>
    </p>
   </div>
   <div class='ocr_carea' id='block_1_5' title="bbox 796 2161 1175 2188">
    <p class='ocr_par' dir='ltr' id='par_1_8' title="bbox 796 2161 1175 2188">
     <span class='ocr_line' id='line_1_29' title="bbox 796 2161 1175 2188; baseline 0 -4"><span class='ocrx_word' id='word_1_236' title='bbox 796 2162 856 2184; x_wconf 90' lang='lat' dir='ltr'><strong>VII.</strong></span> <span class='ocrx_word' id='word_1_237' title='bbox 878 2161 994 2184; x_wconf 81' lang='lat' dir='ltr'>DAVID</span> <span class='ocrx_word' id='word_1_238' title='bbox 1013 2161 1175 2188; x_wconf 84' lang='lat' dir='ltr'>QUINTUS.</span> 
     </span>
    </p>
   </div>
   <div class='ocr_carea' id='block_1_6' title="bbox 286 2249 1692 2357">
    <p class='ocr_par' dir='ltr' id='par_1_9' title="bbox 286 2249 1692 2357">
     <span class='ocr_line' id='line_1_30' title="bbox 287 2249 1688 2297; baseline 0 -12"><span class='ocrx_word' id='word_1_239' title='bbox 287 2250 463 2286; x_wconf 78' lang='lat' dir='ltr'>GEORGIO</span> <span class='ocrx_word' id='word_1_240' title='bbox 483 2249 632 2285; x_wconf 84' lang='lat' dir='ltr'>succeflit</span> <span class='ocrx_word' id='word_1_241' title='bbox 661 2249 777 2284; x_wconf 83' lang='lat' dir='ltr'>David</span> <span class='ocrx_word' id='word_1_242' title='bbox 798 2250 912 2291; x_wconf 81' lang='lat' dir='ltr'>frater,</span> <span class='ocrx_word' id='word_1_243' title='bbox 934 2262 952 2283; x_wconf 86' lang='lat' dir='ltr'>a</span> <span class='ocrx_word' id='word_1_244' title='bbox 971 2249 1068 2284; x_wconf 83' lang='lat' dir='ltr'>ruina</span> <span class='ocrx_word' id='word_1_245' title='bbox 1086 2249 1143 2284; x_wconf 88' lang='lat' dir='ltr'>illa</span> <span class='ocrx_word' id='word_1_246' title='bbox 1170 2249 1318 2296; x_wconf 86' lang='lat' dir='ltr'>publica,</span> <span class='ocrx_word' id='word_1_247' title='bbox 1340 2250 1383 2285; x_wconf 83' lang='lat' dir='ltr'>ad</span> <span class='ocrx_word' id='word_1_248' title='bbox 1405 2250 1688 2297; x_wconf 81' lang='lat' dir='ltr'>Mufl&#39;elburgum,</span> 
     </span>
     <span class='ocr_line' id='line_1_31' title="bbox 286 2308 1692 2357; baseline -0.001 -13"><span class='ocrx_word' id='word_1_249' title='bbox 286 2310 360 2355; x_wconf 77' lang='lat' dir='ltr'>ejus</span> <span class='ocrx_word' id='word_1_250' title='bbox 378 2321 458 2344; x_wconf 84' lang='lat' dir='ltr'>cura</span> <span class='ocrx_word' id='word_1_251' title='bbox 485 2309 527 2343; x_wconf 84' lang='lat' dir='ltr'>ad</span> <span class='ocrx_word' id='word_1_252' title='bbox 545 2308 610 2344; x_wconf 90' lang='lat' dir='ltr'>hoc</span> <span class='ocrx_word' id='word_1_253' title='bbox 634 2309 794 2350; x_wconf 81' lang='lat' dir='ltr'>servatus,</span> <span class='ocrx_word' id='word_1_254' title='bbox 814 2308 871 2355; x_wconf 84' lang='lat' dir='ltr'>qui</span> <span class='ocrx_word' id='word_1_255' title='bbox 891 2308 923 2343; x_wconf 88' lang='lat' dir='ltr'>in</span> <span class='ocrx_word' id='word_1_256' title='bbox 942 2308 1087 2344; x_wconf 86' lang='lat' dir='ltr'>eandem</span> <span class='ocrx_word' id='word_1_257' title='bbox 1107 2308 1214 2343; x_wconf 85' lang='lat' dir='ltr'>aciem</span> <span class='ocrx_word' id='word_1_258' title='bbox 1234 2309 1351 2349; x_wconf 76' lang='lat' dir='ltr'>iturus,</span> <span class='ocrx_word' id='word_1_259' title='bbox 1372 2322 1390 2344; x_wconf 88' lang='lat' dir='ltr'>a</span> <span class='ocrx_word' id='word_1_260' title='bbox 1411 2309 1565 2357; x_wconf 71' lang='lat' dir='ltr'>Georgio</span> <span class='ocrx_word' id='word_1_261' title='bbox 1585 2309 1692 2345; x_wconf 84' lang='lat' dir='ltr'>redire</span> 
     </span>
    </p>
   </div>
  </div>
 </body>
</html>
