1922 2767
295 264 339 301 78
754 264 822 300 DE
853 265 1074 301 FAMILIA
1103 265 1276 301 HUMIA

289 367 386 414 juriis
405 367 561 407 affefftus,
581 380 657 401 eam
677 373 790 402 tamen
811 368 853 402 de
872 381 913 403 ea
931 369 1061 403 familia
1074 369 1334 404 curamhabuit.
1389 369 1494 410 Idem,
1510 380 1587 403 cum
1599 373 1707 402 totam

296 426 429 461 Hiltoni
450 426 625 461 baroniam
640 427 717 474 jure
736 427 940 467 obtinuifl'et,
958 434 991 462 et
1009 433 1122 462 tantas
1142 427 1185 462 ob
1204 428 1236 462 vi
1261 434 1465 475 occupatam
1484 427 1641 467 muthas,
1671 434 1707 460 ut

294 492 404 520 totum
424 485 569 532 ipsorum
589 486 831 532 patrimonium
850 486 1028 521 exhaurire
1047 486 1166 533 pofl'et,
1185 487 1233 521 ita
1251 493 1367 521 tamen
1392 499 1462 521 rem
1490 485 1706 532 temperavit,

296 549 332 577 ut
351 549 385 578 et
399 543 574 578 dimidiam
591 544 629 578 iis
648 544 880 591 poffidendam
895 545 1093 591 permiserit,
1109 550 1142 580 et
1157 545 1305 580 muletas
1317 545 1490 580 remiserit.
1534 544 1704 578 Praeterea

295 613 373 636 cum
393 608 489 637 terrae
509 603 542 637 in
561 603 693 650 puellas
720 603 874 638 haeredes
901 603 1093 638 dividendae
1122 604 1237 645 effent,
1269 603 1427 638 indivisas
1455 603 1602 643 retinuit,
1624 602 1704 636 dote

296 662 335 696 iis
354 674 374 696 a
393 669 541 709 cognato
571 662 662 704 data,
684 675 787 710 quam
810 663 879 710 ipse
898 663 1063 697 voluerat.
1117 662 1232 697 Etiam
1256 669 1395 709 neptem
1422 674 1463 697 ex
1482 662 1592 696 sorore
1613 661 1705 695 Mar-

294 721 442 766 garitam
462 720 659 755 Haldanam
678 733 818 755 uxorem
838 721 987 756 Johanni
1007 721 1110 763 dedit,
1131 721 1278 767 pecunia
1296 721 1374 755 satis
1394 733 1521 767 magna
1539 719 1706 758 dotatam,

295 792 382 819 rara,
401 779 476 826 post
490 785 540 814 tot
559 779 700 821 offensis,
721 780 935 814 humanitate
953 780 1047 814 fimul
1063 786 1096 814 et
1110 780 1327 820 liberalitate,
1343 779 1498 827 quamvis
1513 779 1577 813 illis
1592 778 1707 813 omnia

295 838 518 880 tentantibus,
551 838 609 873 sed
636 839 768 878 frustra,
798 851 841 873 ne
868 839 956 873 illius
988 838 1161 873 beneficiis
1189 838 1327 872 obnoxii
1358 838 1488 873 fierent.
1554 836 1708 871 Cesserat,

295 902 410 931 autem
430 904 531 932 antea
550 904 656 932 terras
671 910 729 932 eas
756 909 874 932 omnes
894 897 1020 932 Davidi
1038 897 1145 936 fratri,
1165 909 1243 931 cum
1271 897 1336 932 illis
1363 897 1469 931 iratus
1496 896 1587 937 ess'et,
1609 895 1703 929 nullo

294 955 354 990 fibi
373 955 521 1002 regrefl'u
541 962 599 991 aut
617 955 816 995 reversione,
833 962 869 990 ut
886 956 1083 1002 loquuntur,
1101 956 1280 998 reservata,
1297 967 1413 990 verum
1430 955 1496 995 ille,
1517 955 1587 1002 pari
1604 954 1706 988 animi

295 1014 542 1055 moderatione,
561 1027 604 1049 ne
631 1015 799 1062 privatum
819 1015 915 1049 suum
944 1014 1163 1049 commodum
1192 1020 1263 1049 tam
1287 1014 1473 1049 amicarum
1498 1014 1705 1048 familiarum

296 1073 487 1108 concordiae
506 1074 752 1120 impedimento
771 1073 862 1114 efl'et,
884 1085 971 1120 quas
990 1073 1077 1107 ultro
1105 1073 1203 1108 datas
1225 1079 1417 1120 acceperat,
1437 1072 1525 1107 ultro
1549 1072 1705 1112 reddidit,

296 1139 439 1179 accepto
454 1138 586 1166 tantum
602 1133 634 1166 in
652 1132 903 1167 Darnchestriae
916 1132 1068 1166 decimas
1079 1131 1167 1179 jure,
1180 1131 1273 1179 qnod
1285 1132 1318 1166 in
1334 1143 1410 1166 eum
1427 1131 1517 1165 diem
1535 1131 1709 1178 Georgius

296 1204 401 1239 penes
422 1192 454 1225 se
473 1191 712 1225 reservaverat.
767 1191 884 1237 Atque
902 1190 957 1225 hic
976 1190 1096 1225 harum
1116 1190 1376 1225 contentionum
1394 1190 1468 1224 finis
1487 1189 1562 1224 fuit.

345 1250 463 1296 Majus
482 1250 658 1297 aliquanto
677 1256 711 1285 et
727 1250 883 1284 acerbius
902 1262 979 1284 cum
999 1249 1157 1284 Jolianne
1175 1249 1267 1284 Caro
1281 1249 1386 1284 leviro
1401 1254 1573 1284 certamen
1594 1247 1704 1282 subiit.

298 1308 330 1343 Is
353 1308 518 1343 Innervici
538 1320 678 1342 uxorem
694 1308 896 1348 adulteram,
912 1308 1033 1342 marito
1054 1307 1253 1349 abdutstam,
1270 1308 1409 1342 domum
1425 1307 1580 1341 duxerat.
1625 1307 1709 1341 Inde

295 1379 372 1402 cum
387 1367 541 1414 legitima
558 1380 661 1401 uxore
677 1367 784 1415 primo
800 1367 993 1407 dirortium,
1013 1372 1083 1400 tum
1103 1366 1143 1401 lis
1161 1366 1204 1401 de
1222 1366 1302 1401 dote
1317 1366 1535 1408 restituenda,
1552 1366 1703 1413 aliisque,

294 1426 498 1461 matrimonii
518 1426 629 1467 causa,
651 1425 915 1468 donationibus3
936 1425 1075 1460 tandem
1095 1432 1128 1460 et
1147 1425 1190 1460 ad
1209 1438 1303 1460 arma
1317 1425 1431 1472 palam
1446 1432 1597 1460 ventum.
1649 1425 1706 1460 Jo-

293 1485 424 1519 hannes
451 1485 552 1526 enim,
582 1484 625 1519 ob
652 1497 720 1519 non
747 1484 914 1518 redditam
942 1484 1068 1525 dotem,
1090 1483 1236 1531 aliaque,
1258 1484 1441 1531 perduellis
1468 1483 1706 1523 denunciatus,

297 1544 387 1578 bona
406 1544 484 1579 fisco
504 1543 714 1590 adjudicata,
740 1550 773 1577 et
800 1543 898 1577 uxori
919 1543 1047 1577 donata
1066 1555 1143 1577 cum
1163 1542 1278 1584 efl'ent‚
1307 1543 1364 1577 illa
1391 1542 1483 1590 apud
1512 1542 1705 1589 Georgium

295 1603 447 1638 desolata
465 1602 651 1644 desidebat,
672 1602 825 1637 dumille
845 1602 915 1649 agit
934 1602 1069 1643 lentius,
1090 1602 1148 1648 spe
1166 1614 1255 1643 eum,
1282 1602 1340 1636 sua
1364 1602 1491 1647 sponte,
1520 1601 1563 1635 ad
1590 1602 1706 1635 sanam

295 1668 444 1696 mentem
474 1662 693 1702 reversurum,
722 1661 841 1695 saltem
868 1660 991 1701 liberis,
1013 1673 1099 1707 quos
1118 1660 1240 1707 quinos
1259 1659 1421 1700 habebat,
1440 1672 1569 1694 marem
1588 1672 1705 1699 unum,

294 1721 427 1767 puellas
446 1727 602 1767 quatuor,
624 1727 658 1754 et
676 1732 794 1754 eorum
812 1719 922 1760 matri,
943 1718 1047 1766 quod,
1068 1718 1108 1753 ad
1130 1718 1270 1753 honeste
1289 1724 1323 1753 et
1341 1731 1382 1753 ex
1402 1718 1573 1765 utriusque
1596 1718 1705 1765 digni-

295 1786 365 1813 tate
392 1779 583 1819 vivendum,
613 1779 691 1813 satis
718 1778 799 1813 effet
826 1778 1074 1825 praestiturum3
1104 1791 1124 1812 a
1152 1777 1287 1812 Davide
1313 1778 1428 1816 fratre,
1459 1777 1517 1823 qui
1548 1777 1706 1824 injuriam

295 1838 395 1873 sorori
422 1838 553 1873 saetam
580 1838 813 1884 impatientius
838 1837 982 1879 ferebat,
1012 1837 1190 1883 indignato
1206 1836 1324 1870 ausum
1348 1836 1381 1870 id
1407 1835 1546 1875 Carum,
1565 1835 1706 1871 tandem

297 1897 490 1931 admonitus
518 1897 577 1936 est,
605 1897 774 1943 pertinere
799 1896 842 1930 ad
866 1896 954 1942 ipsos
979 1895 1244 1937 contumelian13
1272 1895 1474 1942 patientiam
1493 1894 1581 1929 hanc
1600 1894 1706 1941 vulgo

295 1956 479 2002 segniciem
499 1955 615 1994 videri,
634 1967 698 1989 nec
718 1954 814 1989 aliter
833 1967 852 1988 a
874 1954 965 1988 Caro
985 1953 1116 2000 accipi3
1144 1952 1264 1987 frustra
1283 1953 1459 2000 expefflmri
1478 1953 1551 2000 ejus
1572 1953 1707 1999 sponta-

295 2027 395 2049 neam
416 2013 711 2052 benevolentiam3
738 2013 853 2047 facere
881 2024 941 2059 pro
964 2013 996 2046 se
1023 2012 1139 2058 leges3
1166 2011 1233 2045 vim
1261 2011 1467 2051 addendam,
1494 2011 1542 2046 ita
1568 2011 1706 2046 demum

297 2085 375 2108 eum
402 2073 435 2107 in
462 2072 615 2106 ordinem
643 2071 803 2106 ooa'e‘turn
830 2071 889 2110 iri3
916 2083 979 2105 nec
1006 2082 1132 2117 magna
1159 2082 1262 2104 manu
1292 2082 1378 2117 opus
1406 2069 1484 2112 effe,
1513 2070 1558 2109 se,
1588 2070 1707 2117 viginti

298 2138 445 2179 quatuor
464 2131 617 2177 equitum
637 2130 775 2169 auxilio,
805 2129 897 2164 Caro
924 2141 1060 2176 pecora,
1080 2141 1156 2175 quae
1178 2128 1331 2163 Hirsellae
1351 2128 1466 2170 effent,
1489 2128 1706 2169 abaeturum,

298 2203 338 2225 ac
360 2189 660 2224 WVedderburnum
680 2188 874 2222 duffiirum.
929 2187 1014 2221 Haec
1031 2199 1107 2221 cum
1124 2199 1200 2221 vere
1216 2187 1280 2221 dici
1297 2187 1512 2234 intelligeret,
1530 2186 1705 2227 consensit,

297 2257 330 2283 et
354 2247 469 2282 David
495 2247 664 2294 postridie,
689 2246 877 2280 incursione
896 2246 939 2280 ad
961 2245 1119 2280 Tuedam
1140 2246 1244 2292 usque
1263 2246 1368 2287 mota,
1389 2258 1466 2293 quae
1484 2245 1576 2280 mille
1595 2245 1705 2292 passus

299 2307 385 2341 ultra
402 2305 583 2341 Hirsellam
599 2305 657 2345 est,
674 2304 730 2339 ubi
748 2304 858 2339 Carus
872 2304 1062 2344 habitabat,
1078 2316 1203 2351 pec-ara
1219 2310 1253 2338 et
1273 2310 1437 2344 armenta,
1457 2310 1541 2351 quot
1556 2303 1702 2338 nancisci
