1922 2767
717 282 1230 320 WEDDERBURNENSI.
1637 292 1682 323 43

266 388 408 422 coaetus
426 387 484 429 est,
502 392 536 421 et
549 386 657 434 jussus
676 387 708 421 in
724 399 814 433 equo
830 387 863 421 se
879 398 956 421 cum
972 386 1103 420 caeteris
1116 386 1290 420 continere
1307 386 1504 428 Marcianis,
1522 387 1600 422 satis
1615 387 1680 421 effe

265 446 358 492 quod
380 446 449 493 ipse
468 458 509 480 ex
532 458 571 480 ea
592 445 723 480 familia
741 445 821 480 belli
841 445 952 479 aleam
974 444 1119 484 subiret3
1146 445 1274 491 itaque,
1296 444 1459 479 inclinata
1479 458 1522 487 re,
1545 446 1576 480 111
1598 446 1680 480 Dal-

264 503 406 539 kethum
425 516 538 539 arcem
554 504 716 551 profugit,
733 510 767 538 et
785 503 946 551 postridie
965 515 1006 538 ea
1025 502 1069 537 ab
1084 502 1218 537 Jacobo
1236 502 1404 550 Duglafio
1420 503 1606 545 Mortoni0‚
1623 504 1679 550 qui

264 562 388 597 multos
413 562 487 610 post
512 575 619 598 annos
645 562 772 598 Scotiae
791 575 912 609 pror-ex
930 562 1045 596 faetus
1064 561 1123 603 est,
1153 562 1227 608 ejus
1246 561 1385 596 domino
1405 562 1533 603 dedita,
1557 562 1589 596 in
1611 562 1682 596 An-

265 621 399 667 glorum
418 622 621 669 potestatem
641 622 743 664 venit,
765 634 805 656 ac
824 621 856 655 in
878 621 1044 668 Angliam
1063 620 1219 667 captivus
1239 620 1386 655 aductus
1405 621 1465 655 est.
1521 620 1572 655 Ibi
1592 621 1682 667 apud

264 679 435 715 Joannem
453 680 664 716 Allertonem
681 680 822 715 militem
835 680 977 714 comiter
991 679 1140 719 habitus,
1157 685 1248 714 totos
1263 679 1348 714 duos
1363 692 1470 714 annos
1489 679 1681 727 permanfit,

265 739 375 774 donec
393 739 637 787 redemptionis
656 739 802 786 pretium
822 739 1016 780 solveretur,
1040 750 1169 785 magna
1190 751 1268 773 eum
1295 738 1507 778 difficultate,
1526 739 1682 786 pecuniae

266 799 419 845 penuria,
447 806 480 833 et
507 799 642 833 afflictis
668 798 757 833 bello
785 798 897 833 rebus.
952 797 1004 832 Ita
1028 797 1226 844 redemptus
1250 797 1389 832 tandem
1417 797 1557 832 domum
1584 798 1681 832 redit.

267 856 351 891 Erat.
369 858 417 892 vir
436 858 599 905 imprimis
617 858 692 904 pius
711 870 752 892 ac
770 870 848 892 vere
868 856 1005 903 probus,
1034 856 1185 903 antiquae
1213 856 1303 898 fidei,
1329 855 1480 890 moribus
1504 856 1681 896 candidus,

266 916 446 962 ingenuus,
466 916 522 951 sed
542 929 604 951 nec
624 916 759 964 penitus
778 916 951 950 literarum
968 915 1070 957 rudis,
1091 927 1152 962 pro
1171 915 1248 949 loco
1268 927 1336 962 quo
1353 921 1453 949 uatus
1468 915 1527 954 est,
1543 916 1596 950 cui
1611 922 1683 949 tum

266 975 342 1016 illae,
363 982 395 1010 et
415 982 451 1009 ut
470 988 559 1010 nunc
579 988 718 1023 quoque
743 987 810 1010 11011
833 975 1002 1015 videntur,
1024 974 1116 1008 haud
1136 973 1223 1008 adeo
1241 973 1435 1008 necessariae
1454 973 1657 1008 videbantur
1674 988 1682 1015 ς

266 1033 409 1068 latinum
429 1034 617 1069 sermonem
637 1033 797 1074 callebat,
818 1034 916 1080 supra
935 1038 1107 1080 quotquot
1130 1032 1219 1067 illius
1239 1033 1384 1067 nominis
1409 1040 1516 1073 erant,
1536 1033 1593 1080 qui
1613 1033 1684 1067 sere

267 1105 362 1127 arma
375 1093 607 1140 sequebantur
622 1093 702 1133 sola,
722 1100 757 1127 ut
777 1092 820 1127 ad
841 1092 988 1126 nostram
1004 1098 1141 1126 aetatem
1158 1091 1326 1127 creditum
1341 1092 1400 1127 est.
1442 1092 1555 1127 Video
1570 1098 1685 1127 tamen

267 1152 449 1186 nonnullos
468 1159 547 1187 aute
566 1152 738 1191 studuisse,
757 1158 791 1186 et
810 1151 920 1186 studia
939 1151 982 1185 ad
999 1150 1144 1197 gradum
1164 1151 1270 1198 usque
1286 1151 1517 1198 magistralem
1533 1151 1687 1186 continu-

268 1210 346 1250 affe,
372 1212 571 1245 nominatim
601 1211 697 1252 duos,
720 1210 909 1249 Audream,
931 1210 1075 1244 Davidis
1095 1210 1207 1257 quarti
1222 1210 1373 1249 fratrem,
1393 1210 1494 1257 hujus
1513 1216 1683 1257 patruum,

268 1278 299 1303 et
328 1269 509 1310 Joannem,
537 1270 681 1304 Davidis
706 1270 816 1316 quarti
843 1275 1015 1316 patruum,
1042 1269 1131 1303 tertii
1150 1269 1303 1303 fratrem.
1357 1269 1403 1303 Et
1422 1269 1559 1304 habitus
1580 1269 1684 1303 Alex-

268 1329 374 1363 ander
391 1329 655 1363 Manderstonus
674 1329 790 1375 legum
810 1340 851 1362 eo
871 1329 977 1374 usque
992 1327 1132 1374 peritus,
1148 1338 1184 1362 ut
1203 1340 1255 1362 res
1274 1329 1350 1363 suas
1368 1328 1570 1376 intelligere,
1592 1335 1626 1363 et
1645 1341 1684 1362 cx

264 1389 340 1433 jure
366 1387 444 1422 satis
476 1394 556 1435 apte
584 1387 730 1434 dirigere
758 1387 887 1434 posl'et3
916 1399 993 1433 quae
1016 1386 1184 1421 sufficiunt
1208 1386 1251 1421 ad
1270 1386 1489 1421 indicandum
1509 1399 1573 1421 nec
1592 1386 1687 1421 fuisse

269 1447 385 1493 inepta
413 1446 456 1480 ad
480 1446 595 1480 literas
622 1458 740 1480 eorum
768 1445 918 1492 ingenia,
948 1457 1011 1480 nec
1039 1458 1108 1484 eas,
1136 1451 1215 1479 ante
1247 1458 1318 1486 nos,
1352 1446 1488 1492 penitus
1518 1445 1684 1492 sprevisse.

270 1505 337 1539 Hic
368 1505 480 1539 David
509 1505 540 1538 111
569 1504 760 1539 Academia
785 1503 955 1545 studuiffe,
987 1513 1020 1538 et
1048 1503 1198 1550 logicam
1223 1504 1369 1551 attigisse
1394 1504 1551 1547 videtu1'3
1580 1517 1622 1539 ex
1644 1516 1685 1538 eo

268 1563 361 1611 quod
386 1563 428 1598 de
451 1563 682 1610 condiscipulo
708 1563 859 1610 quodam
887 1563 945 1597 suo
974 1562 1277 1610 (Mongomerium
1303 1563 1523 1609 nominabat)
1550 1576 1685 1598 narrare

269 1622 410 1657 solebat.
465 1621 568 1657 Hunc
587 1622 674 1656 iuter
692 1621 944 1668 disputandum,
967 1634 1045 1656 cum
1065 1622 1274 1656 adversarius
1292 1622 1446 1669 negasset
1461 1622 1505 1664 id,
1522 1622 1615 1669 quod
1630 1622 1686 1656 ille

269 1688 433 1727 negatum
461 1681 497 1715 iri
527 1681 664 1715 minime
694 1680 915 1727 expectabat,
941 1692 1005 1714 nec
1029 1680 1239 1715 succurreret
1258 1686 1501 1728 argumentum
1520 1693 1589 1728 quo
1608 1693 1685 1728 pro-

270 1740 377 1779 baret,
403 1752 508 1774 manu
540 1739 724 1786 colaphum
749 1739 890 1786 neganti
923 1739 1109 1786 impegisse,
1143 1745 1177 1774 et
1205 1739 1311 1781 simul,
1341 1746 1362 1760 ‘⁶
1391 1739 1529 1780 Tune,”
1563 1740 1683 1787 inquit,

272 1805 291 1819 ‘⁶
304 1799 369 1833 hoc
383 1800 539 1846 negas?’⁷
559 1798 687 1833 Obiiffe
707 1811 777 1833 rem
797 1799 829 1832 in
849 1798 1078 1846 proverbium,
1094 1804 1128 1833 et
1148 1798 1381 1845 Mongomerii
1400 1799 1639 1846 probationem
1654 1800 1687 1833 111

270 1857 390 1892 scholis
417 1857 637 1905 appellatam.
693 1857 846 1891 Psalmos
873 1863 907 1891 et
931 1869 973 1891 ex
995 1857 1035 1891 iis
1059 1857 1204 1892 selectas
1226 1858 1410 1893 sententias
1429 1858 1560 1905 semper
1578 1858 1611 1893 in
1631 1871 1687 1893 ore

271 1916 442 1957 habebam
462 1917 553 1951 illam
573 1916 735 1963 precipue
754 1928 832 1963 quae
851 1928 988 1950 omnem
1007 1916 1100 1963 spem
1119 1916 1153 1950 in
1173 1916 1253 1951 Deo
1273 1929 1340 1951 uno
1360 1917 1589 1952 colocandum
1604 1918 1687 1952 sem-

271 1987 330 2021 per
358 1975 553 2009 inculcabat
569 1989 578 2017 ς
608 1975 736 2009 bonum
763 1975 812 2010 est
842 1975 976 2021 sperare
1008 1975 1041 2009 in
1072 1974 1234 2017 Domino,
1265 1988 1369 2022 quam
1396 1976 1428 2010 in
1458 1976 1687 2023 principibus;

273 2033 401 2080 psalmo
430 2033 486 2067 illo
516 2046 623 2069 CXLVI
653 2034 817 2081 imprimis
847 2033 1098 2074 delectabatur,
1128 2040 1162 2068 et
1191 2034 1235 2069 ad
1266 2034 1432 2069 citharam
1463 2035 1688 2070 deambulans

273 2091 475 2126 cantillabat
493 2093 634 2132 summo,
654 2099 689 2127 ut
708 2092 822 2127 videre
841 2098 925 2132 erat,
945 2093 1048 2127 animi
1068 2093 1207 2128 affectu.
1262 2093 1473 2141 Integritatis
1500 2094 1615 2140 priscae
1635 2094 1689 2140 (ut

274 2150 416 2196 vocant)
433 2157 466 2185 et
481 2150 620 2197 justitiae
640 2151 792 2198 apprime
811 2157 926 2191 tenax,
945 2151 1102 2186 fraudem
1122 2164 1259 2187 omnem
1278 2153 1414 2199 penitus
1434 2152 1686 2192 adversabatur,

274 2222 337 2244 nec
363 2209 546 2256 quicquan]
575 2222 652 2244 eam
678 2210 795 2257 sapere
822 2210 1013 2250 videbatur,
1041 2218 1100 2245 aut
1125 2223 1218 2250 aure,
1246 2217 1305 2245 aut
1329 2211 1443 2245 animo
1469 2210 1684 2245 admittebat.

277 2267 433 2309 Memini,
463 2280 539 2302 cum
564 2267 606 2302 (19
633 2268 814 2314 prudentia
841 2275 874 2303 et
898 2269 1019 2304 fraude
1047 2270 1155 2304 sermo
1183 2270 1269 2304 inter
1296 2270 1424 2304 amicos
1449 2269 1625 2310 incidiss'et,
1653 2275 1688 2304 et

278 2326 452 2373 Georgius
466 2326 553 2361 filius
567 2327 655 2361 forte
671 2326 812 2369 dixisset,
829 2340 896 2362 non
917 2327 983 2362 ess'e
1002 2328 1110 2370 nefas,
1132 2341 1202 2363 rem
1218 2328 1356 2368 bonam,
1372 2328 1500 2363 bonum
1515 2327 1559 2362 ob
1575 2328 1687 2368 finem,
