<?xml version="1.0" encoding="UTF-8"?>
<!DOCTYPE html PUBLIC "-//W3C//DTD XHTML 1.0 Transitional//EN"
    "http://www.w3.org/TR/xhtml1/DTD/xhtml1-transitional.dtd">
<html xmlns="http://www.w3.org/1999/xhtml" xml:lang="en" lang="en">
 <head>
  <title>
</title>
<meta http-equiv="Content-Type" content="text/html;charset=utf-8" />
  <meta name='ocr-system' content='tesseract 3.04.00' />
  <meta name='ocr-capabilities' content='ocr_page ocr_carea ocr_par ocr_line ocrx_word'/>
</head>
<body>
  <div class='ocr_page' id='page_1' title='image "./davidishumiidefa00abbo_0024.png"; bbox 0 0 1922 2767; ppageno 0'>
   <div class='ocr_carea' id='block_1_1' title="bbox 941 264 963 298">
    <p class='ocr_par' dir='ltr' id='par_1_1' title="bbox 941 264 963 298">
     <span class='ocr_line' id='line_1_1' title="bbox 941 264 963 298; baseline -0.045 0"><span class='ocrx_word' id='word_1_1' title='bbox 941 264 963 298; x_wconf 93' lang='lat' dir='ltr'>ii</span> 
     </span>
    </p>
   </div>
   <div class='ocr_carea' id='block_1_2' title="bbox 250 378 1666 1457">
    <p class='ocr_par' dir='ltr' id='par_1_2' title="bbox 250 378 1666 1457">
     <span class='ocr_line' id='line_1_2' title="bbox 251 378 1663 426; baseline 0.001 -13"><span class='ocrx_word' id='word_1_2' title='bbox 251 379 382 414; x_wconf 85' lang='lat' dir='ltr'><strong>enixius</strong></span> <span class='ocrx_word' id='word_1_3' title='bbox 396 390 465 426; x_wconf 91' lang='lat' dir='ltr'>quo</span> <span class='ocrx_word' id='word_1_4' title='bbox 484 390 543 414; x_wconf 88' lang='lat' dir='ltr'>vos</span> <span class='ocrx_word' id='word_1_5' title='bbox 557 378 695 426; x_wconf 88' lang='lat' dir='ltr'>propius</span> <span class='ocrx_word' id='word_1_6' title='bbox 709 389 762 413; x_wconf 90' lang='lat' dir='ltr'>res</span> <span class='ocrx_word' id='word_1_7' title='bbox 776 378 924 426; x_wconf 86' lang='lat' dir='ltr'>attingit,</span> <span class='ocrx_word' id='word_1_8' title='bbox 940 383 977 413; x_wconf 87' lang='lat' dir='ltr'>ut</span> <span class='ocrx_word' id='word_1_9' title='bbox 991 390 1077 426; x_wconf 94' lang='lat' dir='ltr'>quos</span> <span class='ocrx_word' id='word_1_10' title='bbox 1090 378 1145 414; x_wconf 88' lang='lat' dir='ltr'>hic</span> <span class='ocrx_word' id='word_1_11' title='bbox 1163 378 1223 426; x_wconf 87' lang='lat' dir='ltr'>[ad</span> <span class='ocrx_word' id='word_1_12' title='bbox 1237 378 1403 426; x_wconf 88' lang='lat' dir='ltr'>honor]es</span> <span class='ocrx_word' id='word_1_13' title='bbox 1417 378 1543 414; x_wconf 87' lang='lat' dir='ltr'>ducere</span> <span class='ocrx_word' id='word_1_14' title='bbox 1555 379 1663 414; x_wconf 83' lang='lat' dir='ltr'>voluit</span> 
     </span>
     <span class='ocr_line' id='line_1_3' title="bbox 252 446 1662 495; baseline 0 -12"><span class='ocrx_word' id='word_1_15' title='bbox 252 447 370 483; x_wconf 87' lang='lat' dir='ltr'>Deus:</span> <span class='ocrx_word' id='word_1_16' title='bbox 397 460 440 483; x_wconf 90' lang='lat' dir='ltr'>ne</span> <span class='ocrx_word' id='word_1_17' title='bbox 459 460 518 495; x_wconf 90' lang='lat' dir='ltr'>per</span> <span class='ocrx_word' id='word_1_18' title='bbox 536 460 596 482; x_wconf 91' lang='lat' dir='ltr'>vos</span> <span class='ocrx_word' id='word_1_19' title='bbox 613 446 676 482; x_wconf 90' lang='lat' dir='ltr'>stet</span> <span class='ocrx_word' id='word_1_20' title='bbox 699 459 768 494; x_wconf 92' lang='lat' dir='ltr'>quo</span> <span class='ocrx_word' id='word_1_21' title='bbox 786 447 898 482; x_wconf 89' lang='lat' dir='ltr'>minus</span> <span class='ocrx_word' id='word_1_22' title='bbox 915 447 1071 482; x_wconf 88' lang='lat' dir='ltr'>honorati</span> <span class='ocrx_word' id='word_1_23' title='bbox 1090 446 1150 495; x_wconf 85' lang='lat' dir='ltr'>ipfi</span> <span class='ocrx_word' id='word_1_24' title='bbox 1167 446 1246 490; x_wconf 89' lang='lat' dir='ltr'>fitis,</span> <span class='ocrx_word' id='word_1_25' title='bbox 1267 454 1326 482; x_wconf 90' lang='lat' dir='ltr'>aut</span> <span class='ocrx_word' id='word_1_26' title='bbox 1343 448 1455 483; x_wconf 90' lang='lat' dir='ltr'>minus</span> <span class='ocrx_word' id='word_1_27' title='bbox 1481 447 1662 483; x_wconf 85' lang='lat' dir='ltr'>nobilitata</span> 
     </span>
     <span class='ocr_line' id='line_1_4' title="bbox 250 515 1662 564; baseline 0 -13"><span class='ocrx_word' id='word_1_28' title='bbox 250 516 439 564; x_wconf 90' lang='lat' dir='ltr'>posteritas,</span> <span class='ocrx_word' id='word_1_29' title='bbox 460 522 519 552; x_wconf 88' lang='lat' dir='ltr'>aut</span> <span class='ocrx_word' id='word_1_30' title='bbox 536 522 619 551; x_wconf 87' lang='lat' dir='ltr'>nota</span> <span class='ocrx_word' id='word_1_31' title='bbox 636 515 709 551; x_wconf 90' lang='lat' dir='ltr'>orbi</span> <span class='ocrx_word' id='word_1_32' title='bbox 723 515 891 564; x_wconf 85' lang='lat' dir='ltr'>majorum</span> <span class='ocrx_word' id='word_1_33' title='bbox 911 516 1061 563; x_wconf 86' lang='lat' dir='ltr'>ingenia,</span> <span class='ocrx_word' id='word_1_34' title='bbox 1078 515 1220 558; x_wconf 85' lang='lat' dir='ltr'>indoles,</span> <span class='ocrx_word' id='word_1_35' title='bbox 1237 516 1342 552; x_wconf 88' lang='lat' dir='ltr'>virtus</span> <span class='ocrx_word' id='word_1_36' title='bbox 1359 516 1393 551; x_wconf 93' lang='lat' dir='ltr'>in</span> <span class='ocrx_word' id='word_1_37' title='bbox 1412 516 1563 552; x_wconf 90' lang='lat' dir='ltr'>moribus</span> <span class='ocrx_word' id='word_1_38' title='bbox 1589 517 1662 551; x_wconf 90' lang='lat' dir='ltr'>imi-</span> 
     </span>
     <span class='ocr_line' id='line_1_5' title="bbox 250 584 1664 632; baseline 0 -12"><span class='ocrx_word' id='word_1_39' title='bbox 250 585 366 626; x_wconf 88' lang='lat' dir='ltr'>tanda,</span> <span class='ocrx_word' id='word_1_40' title='bbox 382 591 441 620; x_wconf 91' lang='lat' dir='ltr'>aut</span> <span class='ocrx_word' id='word_1_41' title='bbox 458 584 613 632; x_wconf 88' lang='lat' dir='ltr'>fugiendi</span> <span class='ocrx_word' id='word_1_42' title='bbox 629 584 744 625; x_wconf 89' lang='lat' dir='ltr'>etiam,</span> <span class='ocrx_word' id='word_1_43' title='bbox 758 597 826 631; x_wconf 85' lang='lat' dir='ltr'>qua</span> <span class='ocrx_word' id='word_1_44' title='bbox 840 584 923 632; x_wconf 87' lang='lat' dir='ltr'>lapfi</span> <span class='ocrx_word' id='word_1_45' title='bbox 939 585 1025 625; x_wconf 84' lang='lat' dir='ltr'>sunt,</span> <span class='ocrx_word' id='word_1_46' title='bbox 1040 597 1169 620; x_wconf 87' lang='lat' dir='ltr'>errores</span> <span class='ocrx_word' id='word_1_47' title='bbox 1183 598 1192 628; x_wconf 91' lang='lat'>;</span> <span class='ocrx_word' id='word_1_48' title='bbox 1215 585 1304 620; x_wconf 89' lang='lat' dir='ltr'>utilis</span> <span class='ocrx_word' id='word_1_49' title='bbox 1323 584 1486 632; x_wconf 84' lang='lat' dir='ltr'>imprimis</span> <span class='ocrx_word' id='word_1_50' title='bbox 1500 598 1565 626; x_wconf 86' lang='lat' dir='ltr'>res,</span> <span class='ocrx_word' id='word_1_51' title='bbox 1580 590 1625 625; x_wconf 88' lang='lat' dir='ltr'>et,</span> <span class='ocrx_word' id='word_1_52' title='bbox 1640 585 1664 620; x_wconf 90' lang='lat' dir='ltr'><strong>fi</strong></span> 
     </span>
     <span class='ocr_line' id='line_1_6' title="bbox 250 653 1664 702; baseline -0.001 -13"><span class='ocrx_word' id='word_1_53' title='bbox 250 666 319 702; x_wconf 91' lang='lat' dir='ltr'>qua</span> <span class='ocrx_word' id='word_1_54' title='bbox 333 654 543 696; x_wconf 85' lang='lat' dir='ltr'>mortalibus,</span> <span class='ocrx_word' id='word_1_55' title='bbox 558 653 757 701; x_wconf 84' lang='lat' dir='ltr'>satagenda.</span> <span class='ocrx_word' id='word_1_56' title='bbox 802 653 919 701; x_wconf 85' lang='lat' dir='ltr'>Piguit</span> <span class='ocrx_word' id='word_1_57' title='bbox 933 653 1119 702; x_wconf 86' lang='lat' dir='ltr'>aliquando</span> <span class='ocrx_word' id='word_1_58' title='bbox 1134 666 1201 694; x_wconf 89' lang='lat' dir='ltr'>me,</span> <span class='ocrx_word' id='word_1_59' title='bbox 1214 665 1293 689; x_wconf 89' lang='lat' dir='ltr'>cum</span> <span class='ocrx_word' id='word_1_60' title='bbox 1306 654 1494 689; x_wconf 87' lang='lat' dir='ltr'>nostratum</span> <span class='ocrx_word' id='word_1_61' title='bbox 1509 653 1664 688; x_wconf 85' lang='lat' dir='ltr'>historias</span> 
     </span>
     <span class='ocr_line' id='line_1_7' title="bbox 251 722 1664 771; baseline 0 -13"><span class='ocrx_word' id='word_1_62' title='bbox 251 735 494 771; x_wconf 78' lang='lat' dir='ltr'>percurrerem,</span> <span class='ocrx_word' id='word_1_63' title='bbox 513 728 584 758; x_wconf 85' lang='lat' dir='ltr'>tam</span> <span class='ocrx_word' id='word_1_64' title='bbox 602 735 695 758; x_wconf 88' lang='lat' dir='ltr'>raros</span> <span class='ocrx_word' id='word_1_65' title='bbox 712 722 842 757; x_wconf 88' lang='lat' dir='ltr'>nostros</span> <span class='ocrx_word' id='word_1_66' title='bbox 868 735 1056 766; x_wconf 88' lang='lat' dir='ltr'>occurrere,</span> <span class='ocrx_word' id='word_1_67' title='bbox 1076 735 1202 770; x_wconf 82' lang='lat' dir='ltr'>nempe</span> <span class='ocrx_word' id='word_1_68' title='bbox 1225 723 1280 758; x_wconf 82' lang='lat' dir='ltr'>vix</span> <span class='ocrx_word' id='word_1_69' title='bbox 1298 735 1404 758; x_wconf 91' lang='lat' dir='ltr'>unum</span> <span class='ocrx_word' id='word_1_70' title='bbox 1423 730 1481 758; x_wconf 87' lang='lat' dir='ltr'>aut</span> <span class='ocrx_word' id='word_1_71' title='bbox 1508 722 1664 762; x_wconf 84' lang='lat' dir='ltr'>alterum,</span> 
     </span>
     <span class='ocr_line' id='line_1_8' title="bbox 252 790 1663 839; baseline -0.001 -12"><span class='ocrx_word' id='word_1_72' title='bbox 252 792 377 839; x_wconf 91' lang='lat' dir='ltr'>eosque</span> <span class='ocrx_word' id='word_1_73' title='bbox 390 792 483 827; x_wconf 88' lang='lat' dir='ltr'>tenui</span> <span class='ocrx_word' id='word_1_74' title='bbox 496 792 669 827; x_wconf 80' lang='lat' dir='ltr'>mentione</span> <span class='ocrx_word' id='word_1_75' title='bbox 681 804 722 826; x_wconf 91' lang='lat' dir='ltr'>ac</span> <span class='ocrx_word' id='word_1_76' title='bbox 733 790 851 833; x_wconf 86' lang='lat' dir='ltr'>diluta,</span> <span class='ocrx_word' id='word_1_77' title='bbox 866 803 1011 839; x_wconf 92' lang='lat' dir='ltr'>quorum</span> <span class='ocrx_word' id='word_1_78' title='bbox 1022 791 1115 826; x_wconf 90' lang='lat' dir='ltr'>haud</span> <span class='ocrx_word' id='word_1_79' title='bbox 1127 791 1214 827; x_wconf 84' lang='lat' dir='ltr'>adeo</span> <span class='ocrx_word' id='word_1_80' title='bbox 1227 797 1347 827; x_wconf 90' lang='lat' dir='ltr'>tenues</span> <span class='ocrx_word' id='word_1_81' title='bbox 1359 804 1412 827; x_wconf 89' lang='lat' dir='ltr'>res</span> <span class='ocrx_word' id='word_1_82' title='bbox 1423 791 1527 839; x_wconf 88' lang='lat' dir='ltr'>gestae</span> <span class='ocrx_word' id='word_1_83' title='bbox 1540 790 1663 833; x_wconf 81' lang='lat' dir='ltr'>effent3</span> 
     </span>
     <span class='ocr_line' id='line_1_9' title="bbox 254 859 1662 909; baseline -0.001 -13"><span class='ocrx_word' id='word_1_84' title='bbox 254 860 444 908; x_wconf 86' lang='lat' dir='ltr'>[videlicet]</span> <span class='ocrx_word' id='word_1_85' title='bbox 460 861 602 909; x_wconf 88' lang='lat' dir='ltr'>egregia</span> <span class='ocrx_word' id='word_1_86' title='bbox 613 860 670 896; x_wconf 89' lang='lat' dir='ltr'>illa</span> <span class='ocrx_word' id='word_1_87' title='bbox 683 859 840 895; x_wconf 87' lang='lat' dir='ltr'>adversus</span> <span class='ocrx_word' id='word_1_88' title='bbox 851 859 982 895; x_wconf 89' lang='lat' dir='ltr'>hostem</span> <span class='ocrx_word' id='word_1_89' title='bbox 993 859 1169 902; x_wconf 88' lang='lat' dir='ltr'>fortitudo,</span> <span class='ocrx_word' id='word_1_90' title='bbox 1182 860 1458 908; x_wconf 82' lang='lat' dir='ltr'>magnanimitas,</span> <span class='ocrx_word' id='word_1_91' title='bbox 1469 860 1662 901; x_wconf 85' lang='lat' dir='ltr'>clementia,</span> 
     </span>
     <span class='ocr_line' id='line_1_10' title="bbox 251 928 1664 978; baseline -0.001 -13"><span class='ocrx_word' id='word_1_92' title='bbox 251 943 336 978; x_wconf 86' lang='lat' dir='ltr'>erga</span> <span class='ocrx_word' id='word_1_93' title='bbox 354 931 483 965; x_wconf 86' lang='lat' dir='ltr'>amicos</span> <span class='ocrx_word' id='word_1_94' title='bbox 497 929 695 971; x_wconf 82' lang='lat' dir='ltr'>liberalitas,</span> <span class='ocrx_word' id='word_1_95' title='bbox 716 928 962 969; x_wconf 88' lang='lat' dir='ltr'>munificentia,</span> <span class='ocrx_word' id='word_1_96' title='bbox 982 929 1139 969; x_wconf 86' lang='lat' dir='ltr'>comitas,</span> <span class='ocrx_word' id='word_1_97' title='bbox 1154 929 1188 963; x_wconf 90' lang='lat' dir='ltr'>in</span> <span class='ocrx_word' id='word_1_98' title='bbox 1206 928 1317 964; x_wconf 83' lang='lat' dir='ltr'>verbis</span> <span class='ocrx_word' id='word_1_99' title='bbox 1331 928 1426 969; x_wconf 85' lang='lat' dir='ltr'>fides,</span> <span class='ocrx_word' id='word_1_100' title='bbox 1452 929 1485 962; x_wconf 87' lang='lat' dir='ltr'>in</span> <span class='ocrx_word' id='word_1_101' title='bbox 1500 928 1664 976; x_wconf 84' lang='lat' dir='ltr'>religione</span> 
     </span>
     <span class='ocr_line' id='line_1_11' title="bbox 250 997 1664 1048; baseline -0.003 -13"><span class='ocrx_word' id='word_1_102' title='bbox 250 1001 371 1048; x_wconf 79' lang='lat' dir='ltr'>pietas,</span> <span class='ocrx_word' id='word_1_103' title='bbox 392 1000 424 1033; x_wconf 92' lang='lat' dir='ltr'>in</span> <span class='ocrx_word' id='word_1_104' title='bbox 444 999 631 1047; x_wconf 86' lang='lat' dir='ltr'>principem</span> <span class='ocrx_word' id='word_1_105' title='bbox 651 997 888 1040; x_wconf 85' lang='lat' dir='ltr'>observantia3</span> <span class='ocrx_word' id='word_1_106' title='bbox 917 997 1046 1045; x_wconf 88' lang='lat' dir='ltr'>quippe</span> <span class='ocrx_word' id='word_1_107' title='bbox 1065 1009 1132 1032; x_wconf 90' lang='lat' dir='ltr'>non</span> <span class='ocrx_word' id='word_1_108' title='bbox 1152 997 1221 1032; x_wconf 88' lang='lat' dir='ltr'>ulla</span> <span class='ocrx_word' id='word_1_109' title='bbox 1240 997 1359 1044; x_wconf 84' lang='lat' dir='ltr'>patriae</span> <span class='ocrx_word' id='word_1_110' title='bbox 1378 997 1548 1032; x_wconf 86' lang='lat' dir='ltr'>amantior</span> <span class='ocrx_word' id='word_1_111' title='bbox 1567 1010 1664 1044; x_wconf 83' lang='lat' dir='ltr'>gens,</span> 
     </span>
     <span class='ocr_line' id='line_1_12' title="bbox 251 1065 1663 1116; baseline -0.002 -12"><span class='ocrx_word' id='word_1_112' title='bbox 251 1082 316 1105; x_wconf 88' lang='lat' dir='ltr'>nec</span> <span class='ocrx_word' id='word_1_113' title='bbox 334 1081 411 1116; x_wconf 81' lang='lat' dir='ltr'>quae</span> <span class='ocrx_word' id='word_1_114' title='bbox 429 1069 462 1103; x_wconf 86' lang='lat' dir='ltr'>se</span> <span class='ocrx_word' id='word_1_115' title='bbox 481 1067 527 1102; x_wconf 89' lang='lat' dir='ltr'>illi</span> <span class='ocrx_word' id='word_1_116' title='bbox 546 1066 657 1114; x_wconf 85' lang='lat' dir='ltr'>magis</span> <span class='ocrx_word' id='word_1_117' title='bbox 676 1066 858 1108; x_wconf 80' lang='lat' dir='ltr'>devoverit,</span> <span class='ocrx_word' id='word_1_118' title='bbox 880 1071 939 1101; x_wconf 89' lang='lat' dir='ltr'>aut</span> <span class='ocrx_word' id='word_1_119' title='bbox 957 1065 1061 1100; x_wconf 79' lang='lat' dir='ltr'>vitam</span> <span class='ocrx_word' id='word_1_120' title='bbox 1085 1065 1236 1100; x_wconf 88' lang='lat' dir='ltr'>crebrius</span> <span class='ocrx_word' id='word_1_121' title='bbox 1254 1065 1470 1113; x_wconf 90' lang='lat' dir='ltr'>impenderit.</span> <span class='ocrx_word' id='word_1_122' title='bbox 1524 1065 1597 1101; x_wconf 87' lang='lat' dir='ltr'>Vos</span> <span class='ocrx_word' id='word_1_123' title='bbox 1615 1073 1663 1101; x_wconf 88' lang='lat' dir='ltr'>ta-</span> 
     </span>
     <span class='ocr_line' id='line_1_13' title="bbox 252 1134 1664 1184; baseline -0.004 -10"><span class='ocrx_word' id='word_1_124' title='bbox 252 1139 320 1175; x_wconf 87' lang='lat' dir='ltr'>ceri</span> <span class='ocrx_word' id='word_1_125' title='bbox 338 1137 412 1172; x_wconf 84' lang='lat' dir='ltr'>haec</span> <span class='ocrx_word' id='word_1_126' title='bbox 424 1149 465 1171; x_wconf 87' lang='lat' dir='ltr'>eo</span> <span class='ocrx_word' id='word_1_127' title='bbox 483 1136 595 1184; x_wconf 89' lang='lat' dir='ltr'>magis</span> <span class='ocrx_word' id='word_1_128' title='bbox 612 1135 742 1183; x_wconf 86' lang='lat' dir='ltr'>pigeat,</span> <span class='ocrx_word' id='word_1_129' title='bbox 758 1147 797 1169; x_wconf 88' lang='lat' dir='ltr'>ac</span> <span class='ocrx_word' id='word_1_130' title='bbox 812 1147 855 1169; x_wconf 90' lang='lat' dir='ltr'>ne</span> <span class='ocrx_word' id='word_1_131' title='bbox 870 1135 1033 1182; x_wconf 87' lang='lat' dir='ltr'>deinceps</span> <span class='ocrx_word' id='word_1_132' title='bbox 1044 1140 1224 1169; x_wconf 88' lang='lat' dir='ltr'>taceantur</span> <span class='ocrx_word' id='word_1_133' title='bbox 1239 1140 1415 1175; x_wconf 88' lang='lat' dir='ltr'>curatote;</span> <span class='ocrx_word' id='word_1_134' title='bbox 1433 1134 1478 1169; x_wconf 91' lang='lat' dir='ltr'>do</span> <span class='ocrx_word' id='word_1_135' title='bbox 1493 1147 1570 1182; x_wconf 88' lang='lat' dir='ltr'>ego,</span> <span class='ocrx_word' id='word_1_136' title='bbox 1588 1147 1664 1182; x_wconf 81' lang='lat' dir='ltr'>quae</span> 
     </span>
     <span class='ocr_line' id='line_1_14' title="bbox 252 1203 1664 1252; baseline -0.003 -10"><span class='ocrx_word' id='word_1_137' title='bbox 252 1220 343 1243; x_wconf 88' lang='lat' dir='ltr'>nunc</span> <span class='ocrx_word' id='word_1_138' title='bbox 360 1206 451 1245; x_wconf 80' lang='lat' dir='ltr'>licet,</span> <span class='ocrx_word' id='word_1_139' title='bbox 470 1204 635 1252; x_wconf 82' lang='lat' dir='ltr'>praeludia</span> <span class='ocrx_word' id='word_1_140' title='bbox 654 1216 693 1238; x_wconf 89' lang='lat' dir='ltr'>ac</span> <span class='ocrx_word' id='word_1_141' title='bbox 713 1209 937 1245; x_wconf 83' lang='lat' dir='ltr'>tentamenta,</span> <span class='ocrx_word' id='word_1_142' title='bbox 966 1215 1070 1250; x_wconf 78' lang='lat' dir='ltr'>quani</span> <span class='ocrx_word' id='word_1_143' title='bbox 1089 1203 1238 1250; x_wconf 81' lang='lat' dir='ltr'>praestari</span> <span class='ocrx_word' id='word_1_144' title='bbox 1257 1203 1291 1238; x_wconf 93' lang='lat' dir='ltr'>id</span> <span class='ocrx_word' id='word_1_145' title='bbox 1316 1203 1411 1251; x_wconf 87' lang='lat' dir='ltr'>poffit</span> <span class='ocrx_word' id='word_1_146' title='bbox 1430 1204 1509 1238; x_wconf 86' lang='lat' dir='ltr'>sane</span> <span class='ocrx_word' id='word_1_147' title='bbox 1529 1203 1664 1245; x_wconf 85' lang='lat' dir='ltr'>decore,</span> 
     </span>
     <span class='ocr_line' id='line_1_15' title="bbox 252 1272 1665 1321; baseline -0.004 -10"><span class='ocrx_word' id='word_1_148' title='bbox 252 1277 340 1311; x_wconf 85' lang='lat' dir='ltr'>forte</span> <span class='ocrx_word' id='word_1_149' title='bbox 359 1281 393 1309; x_wconf 91' lang='lat' dir='ltr'>et</span> <span class='ocrx_word' id='word_1_150' title='bbox 411 1273 608 1321; x_wconf 87' lang='lat' dir='ltr'>splendide;</span> <span class='ocrx_word' id='word_1_151' title='bbox 629 1279 662 1307; x_wconf 90' lang='lat' dir='ltr'>et</span> <span class='ocrx_word' id='word_1_152' title='bbox 688 1272 770 1307; x_wconf 89' lang='lat' dir='ltr'>mihi</span> <span class='ocrx_word' id='word_1_153' title='bbox 798 1272 871 1307; x_wconf 80' lang='lat' dir='ltr'>liaec</span> <span class='ocrx_word' id='word_1_154' title='bbox 900 1272 1023 1306; x_wconf 89' lang='lat' dir='ltr'>edendi</span> <span class='ocrx_word' id='word_1_155' title='bbox 1052 1272 1138 1312; x_wconf 86' lang='lat' dir='ltr'>finis,</span> <span class='ocrx_word' id='word_1_156' title='bbox 1166 1278 1290 1306; x_wconf 80' lang='lat' dir='ltr'>caetera</span> <span class='ocrx_word' id='word_1_157' title='bbox 1308 1278 1423 1306; x_wconf 86' lang='lat' dir='ltr'>tacere</span> <span class='ocrx_word' id='word_1_158' title='bbox 1441 1272 1493 1307; x_wconf 87' lang='lat' dir='ltr'>fas</span> <span class='ocrx_word' id='word_1_159' title='bbox 1519 1272 1611 1306; x_wconf 88' lang='lat' dir='ltr'>esto:</span> <span class='ocrx_word' id='word_1_160' title='bbox 1639 1273 1665 1307; x_wconf 87' lang='lat' dir='ltr'>is</span> 
     </span>
     <span class='ocr_line' id='line_1_16' title="bbox 253 1340 1664 1390; baseline -0.003 -10"><span class='ocrx_word' id='word_1_161' title='bbox 253 1344 410 1381; x_wconf 87' lang='lat' dir='ltr'>sufficerit</span> <span class='ocrx_word' id='word_1_162' title='bbox 428 1342 486 1390; x_wconf 88' lang='lat' dir='ltr'>qui</span> <span class='ocrx_word' id='word_1_163' title='bbox 506 1343 537 1376; x_wconf 90' lang='lat' dir='ltr'>in</span> <span class='ocrx_word' id='word_1_164' title='bbox 564 1341 630 1376; x_wconf 86' lang='lat' dir='ltr'>hoc</span> <span class='ocrx_word' id='word_1_165' title='bbox 649 1341 707 1383; x_wconf 85' lang='lat' dir='ltr'>est,</span> <span class='ocrx_word' id='word_1_166' title='bbox 728 1342 786 1388; x_wconf 89' lang='lat' dir='ltr'>qui</span> <span class='ocrx_word' id='word_1_167' title='bbox 806 1347 840 1375; x_wconf 91' lang='lat' dir='ltr'>et</span> <span class='ocrx_word' id='word_1_168' title='bbox 858 1341 951 1388; x_wconf 88' lang='lat' dir='ltr'>operi</span> <span class='ocrx_word' id='word_1_169' title='bbox 971 1353 1040 1387; x_wconf 84' lang='lat' dir='ltr'>par,</span> <span class='ocrx_word' id='word_1_170' title='bbox 1062 1347 1096 1375; x_wconf 93' lang='lat' dir='ltr'>et</span> <span class='ocrx_word' id='word_1_171' title='bbox 1123 1341 1177 1375; x_wconf 89' lang='lat' dir='ltr'>cui</span> <span class='ocrx_word' id='word_1_172' title='bbox 1201 1353 1288 1388; x_wconf 91' lang='lat' dir='ltr'>opus</span> <span class='ocrx_word' id='word_1_173' title='bbox 1312 1340 1447 1376; x_wconf 74' lang='lat' dir='ltr'>fortasse</span> <span class='ocrx_word' id='word_1_174' title='bbox 1476 1340 1664 1376; x_wconf 86' lang='lat' dir='ltr'>decentius.</span> 
     </span>
     <span class='ocr_line' id='line_1_17' title="bbox 253 1409 1666 1457; baseline -0.001 -10"><span class='ocrx_word' id='word_1_175' title='bbox 253 1413 390 1453; x_wconf 88' lang='lat' dir='ltr'>Valete,</span> <span class='ocrx_word' id='word_1_176' title='bbox 415 1417 449 1446; x_wconf 86' lang='lat' dir='ltr'>et</span> <span class='ocrx_word' id='word_1_177' title='bbox 469 1423 609 1446; x_wconf 82' lang='lat' dir='ltr'>avorum</span> <span class='ocrx_word' id='word_1_178' title='bbox 628 1410 798 1451; x_wconf 83' lang='lat' dir='ltr'>virtutem,</span> <span class='ocrx_word' id='word_1_179' title='bbox 819 1416 985 1457; x_wconf 86' lang='lat' dir='ltr'>quantum</span> <span class='ocrx_word' id='word_1_180' title='bbox 1005 1409 1139 1450; x_wconf 86' lang='lat' dir='ltr'>vellem,</span> <span class='ocrx_word' id='word_1_181' title='bbox 1152 1410 1204 1445; x_wconf 87' lang='lat' dir='ltr'>vel</span> <span class='ocrx_word' id='word_1_182' title='bbox 1224 1416 1360 1457; x_wconf 84' lang='lat' dir='ltr'>aequate</span> <span class='ocrx_word' id='word_1_183' title='bbox 1379 1409 1431 1445; x_wconf 88' lang='lat' dir='ltr'>vel</span> <span class='ocrx_word' id='word_1_184' title='bbox 1451 1416 1588 1457; x_wconf 85' lang='lat' dir='ltr'>augete,</span> <span class='ocrx_word' id='word_1_185' title='bbox 1603 1423 1666 1446; x_wconf 89' lang='lat' dir='ltr'>nec</span> 
     </span>
    </p>
   </div>
   <div class='ocr_carea' id='block_1_3' title="bbox 254 1478 966 1527">
    <p class='ocr_par' dir='ltr' id='par_1_3' title="bbox 254 1478 966 1527">
     <span class='ocr_line' id='line_1_18' title="bbox 254 1478 966 1527; baseline -0.004 -11"><span class='ocrx_word' id='word_1_186' title='bbox 254 1482 318 1517; x_wconf 87' lang='lat' dir='ltr'>illis</span> <span class='ocrx_word' id='word_1_187' title='bbox 336 1481 525 1521; x_wconf 86' lang='lat' dir='ltr'>indecores,</span> <span class='ocrx_word' id='word_1_188' title='bbox 547 1485 581 1514; x_wconf 86' lang='lat' dir='ltr'>et</span> <span class='ocrx_word' id='word_1_189' title='bbox 596 1478 737 1527; x_wconf 83' lang='lat' dir='ltr'>posteris</span> <span class='ocrx_word' id='word_1_190' title='bbox 755 1485 966 1514; x_wconf 86' lang='lat' dir='ltr'>ornamenta.</span> 
     </span>
    </p>
   </div>
   <div class='ocr_carea' id='block_1_4' title="bbox 351 1573 895 1620">
    <p class='ocr_par' dir='ltr' id='par_1_4' title="bbox 351 1573 895 1620">
     <span class='ocr_line' id='line_1_19' title="bbox 351 1573 895 1620; baseline -0.002 -12"><span class='ocrx_word' id='word_1_191' title='bbox 351 1574 487 1609; x_wconf 66' lang='lat' dir='ltr'>Octavo</span> <span class='ocrx_word' id='word_1_192' title='bbox 508 1573 585 1608; x_wconf 84' lang='lat' dir='ltr'>Cal.</span> <span class='ocrx_word' id='word_1_193' title='bbox 600 1573 747 1620; x_wconf 87' lang='lat' dir='ltr'>Augusti</span> <span class='ocrx_word' id='word_1_194' title='bbox 766 1585 895 1608; x_wconf 65' lang='lat' dir='ltr'>noem.</span> 
     </span>
    </p>
   </div>
  </div>
 </body>
</html>
