<?xml version="1.0" encoding="UTF-8"?>
<!DOCTYPE html PUBLIC "-//W3C//DTD XHTML 1.0 Transitional//EN"
    "http://www.w3.org/TR/xhtml1/DTD/xhtml1-transitional.dtd">
<html xmlns="http://www.w3.org/1999/xhtml" xml:lang="en" lang="en">
 <head>
  <title>
</title>
<meta http-equiv="Content-Type" content="text/html;charset=utf-8" />
  <meta name='ocr-system' content='tesseract 3.04.00' />
  <meta name='ocr-capabilities' content='ocr_page ocr_carea ocr_par ocr_line ocrx_word'/>
</head>
<body>
  <div class='ocr_page' id='page_1' title='image "./davidishumiidefa00abbo_0038.png"; bbox 0 0 1922 2767; ppageno 0'>
   <div class='ocr_carea' id='block_1_1' title="bbox 281 298 1242 335">
    <p class='ocr_par' dir='ltr' id='par_1_1' title="bbox 281 298 1242 335">
     <span class='ocr_line' id='line_1_1' title="bbox 281 298 1242 335; baseline 0.001 -1"><span class='ocrx_word' id='word_1_1' title='bbox 281 301 322 335; x_wconf 85' lang='grc'>16</span> <span class='ocrx_word' id='word_1_2' title='bbox 723 298 790 334; x_wconf 92' lang='lat' dir='ltr'>DE</span> <span class='ocrx_word' id='word_1_3' title='bbox 819 298 1040 334; x_wconf 88' lang='lat' dir='ltr'><strong>FAMILIA</strong></span> <span class='ocrx_word' id='word_1_4' title='bbox 1069 299 1242 335; x_wconf 92' lang='lat' dir='ltr'>HUMIA</span> 
     </span>
    </p>
   </div>
   <div class='ocr_carea' id='block_1_2' title="bbox 269 392 1684 2374">
    <p class='ocr_par' dir='ltr' id='par_1_2' title="bbox 269 392 1684 2374">
     <span class='ocr_line' id='line_1_2' title="bbox 281 392 1682 444; baseline -0.003 -13"><span class='ocrx_word' id='word_1_5' title='bbox 281 396 562 444; x_wconf 80' lang='lat' dir='ltr'>obequitaverat3</span> <span class='ocrx_word' id='word_1_6' title='bbox 588 396 668 431; x_wconf 85' lang='lat' dir='ltr'>huic</span> <span class='ocrx_word' id='word_1_7' title='bbox 686 396 733 431; x_wconf 88' lang='lat' dir='ltr'>illi</span> <span class='ocrx_word' id='word_1_8' title='bbox 752 396 785 431; x_wconf 88' lang='lat' dir='ltr'>se</span> <span class='ocrx_word' id='word_1_9' title='bbox 804 396 1066 443; x_wconf 86' lang='lat' dir='ltr'>conjungentes,</span> <span class='ocrx_word' id='word_1_10' title='bbox 1087 395 1174 430; x_wconf 88' lang='lat' dir='ltr'>adeo</span> <span class='ocrx_word' id='word_1_11' title='bbox 1189 394 1345 439; x_wconf 82' lang='lat' dir='ltr'>gnaviter</span> <span class='ocrx_word' id='word_1_12' title='bbox 1362 393 1455 440; x_wconf 89' lang='lat' dir='ltr'>quod</span> <span class='ocrx_word' id='word_1_13' title='bbox 1483 392 1682 428; x_wconf 87' lang='lat' dir='ltr'>mandatum</span> 
     </span>
     <span class='ocr_line' id='line_1_3' title="bbox 278 453 1682 503; baseline -0.004 -13"><span class='ocrx_word' id='word_1_14' title='bbox 278 461 350 489; x_wconf 87' lang='lat' dir='ltr'>erat</span> <span class='ocrx_word' id='word_1_15' title='bbox 368 455 563 502; x_wconf 83' lang='lat' dir='ltr'>praestitere,</span> <span class='ocrx_word' id='word_1_16' title='bbox 584 461 620 490; x_wconf 90' lang='lat' dir='ltr'>ut</span> <span class='ocrx_word' id='word_1_17' title='bbox 642 455 790 503; x_wconf 88' lang='lat' dir='ltr'>Anglus,</span> <span class='ocrx_word' id='word_1_18' title='bbox 808 455 890 489; x_wconf 85' lang='lat' dir='ltr'>nihil</span> <span class='ocrx_word' id='word_1_19' title='bbox 910 454 952 489; x_wconf 91' lang='lat' dir='ltr'>de</span> <span class='ocrx_word' id='word_1_20' title='bbox 971 454 1095 489; x_wconf 88' lang='lat' dir='ltr'>insidiis</span> <span class='ocrx_word' id='word_1_21' title='bbox 1113 454 1259 494; x_wconf 81' lang='lat' dir='ltr'>senserit,</span> <span class='ocrx_word' id='word_1_22' title='bbox 1280 465 1322 487; x_wconf 89' lang='lat' dir='ltr'>ne</span> <span class='ocrx_word' id='word_1_23' title='bbox 1347 453 1460 499; x_wconf 87' lang='lat' dir='ltr'>plures</span> <span class='ocrx_word' id='word_1_24' title='bbox 1478 464 1582 499; x_wconf 89' lang='lat' dir='ltr'>quam</span> <span class='ocrx_word' id='word_1_25' title='bbox 1601 463 1682 499; x_wconf 88' lang='lat' dir='ltr'>pau-</span> 
     </span>
     <span class='ocr_line' id='line_1_4' title="bbox 278 509 1684 561; baseline -0.004 -12"><span class='ocrx_word' id='word_1_26' title='bbox 278 514 372 549; x_wconf 86' lang='lat' dir='ltr'>culos</span> <span class='ocrx_word' id='word_1_27' title='bbox 391 514 476 554; x_wconf 83' lang='lat' dir='ltr'>illos,</span> <span class='ocrx_word' id='word_1_28' title='bbox 496 515 553 561; x_wconf 91' lang='lat' dir='ltr'>qui</span> <span class='ocrx_word' id='word_1_29' title='bbox 573 527 640 561; x_wconf 85' lang='lat' dir='ltr'>prae</span> <span class='ocrx_word' id='word_1_30' title='bbox 659 514 766 549; x_wconf 80' lang='lat' dir='ltr'>oculis</span> <span class='ocrx_word' id='word_1_31' title='bbox 784 519 890 555; x_wconf 86' lang='lat' dir='ltr'>erant,</span> <span class='ocrx_word' id='word_1_32' title='bbox 906 518 1010 553; x_wconf 86' lang='lat' dir='ltr'>ratus,</span> <span class='ocrx_word' id='word_1_33' title='bbox 1029 512 1160 547; x_wconf 87' lang='lat' dir='ltr'>illorum</span> <span class='ocrx_word' id='word_1_34' title='bbox 1177 513 1322 551; x_wconf 86' lang='lat' dir='ltr'>securus,</span> <span class='ocrx_word' id='word_1_35' title='bbox 1337 517 1374 546; x_wconf 89' lang='lat' dir='ltr'>ut</span> <span class='ocrx_word' id='word_1_36' title='bbox 1388 511 1445 558; x_wconf 89' lang='lat' dir='ltr'>qui</span> <span class='ocrx_word' id='word_1_37' title='bbox 1464 509 1684 545; x_wconf 78' lang='lat' dir='ltr'>tumultuarie</span> 
     </span>
     <span class='ocr_line' id='line_1_5' title="bbox 278 569 1681 619; baseline -0.004 -12"><span class='ocrx_word' id='word_1_38' title='bbox 278 579 411 607; x_wconf 84' lang='lat' dir='ltr'>tantum</span> <span class='ocrx_word' id='word_1_39' title='bbox 429 573 721 607; x_wconf 85' lang='lat' dir='ltr'>circumfultantes</span> <span class='ocrx_word' id='word_1_40' title='bbox 746 571 885 619; x_wconf 79' lang='lat' dir='ltr'>singulis</span> <span class='ocrx_word' id='word_1_41' title='bbox 903 571 1053 618; x_wconf 90' lang='lat' dir='ltr'>quidem,</span> <span class='ocrx_word' id='word_1_42' title='bbox 1082 570 1105 604; x_wconf 93' lang='lat' dir='ltr'>fi</span> <span class='ocrx_word' id='word_1_43' title='bbox 1124 571 1199 618; x_wconf 86' lang='lat' dir='ltr'>quis</span> <span class='ocrx_word' id='word_1_44' title='bbox 1217 570 1250 604; x_wconf 89' lang='lat' dir='ltr'>se</span> <span class='ocrx_word' id='word_1_45' title='bbox 1269 576 1397 604; x_wconf 87' lang='lat' dir='ltr'>temere</span> <span class='ocrx_word' id='word_1_46' title='bbox 1416 569 1591 610; x_wconf 85' lang='lat' dir='ltr'>offerebat,</span> <span class='ocrx_word' id='word_1_47' title='bbox 1612 581 1681 603; x_wconf 85' lang='lat' dir='ltr'>cer-</span> 
     </span>
     <span class='ocr_line' id='line_1_6' title="bbox 278 627 1684 678; baseline -0.004 -12"><span class='ocrx_word' id='word_1_48' title='bbox 278 631 408 674; x_wconf 86' lang='lat' dir='ltr'>tabant,</span> <span class='ocrx_word' id='word_1_49' title='bbox 429 632 498 671; x_wconf 92' lang='lat' dir='ltr'>sed,</span> <span class='ocrx_word' id='word_1_50' title='bbox 516 632 646 678; x_wconf 84' lang='lat' dir='ltr'>majore</span> <span class='ocrx_word' id='word_1_51' title='bbox 665 630 836 678; x_wconf 79' lang='lat' dir='ltr'>ingruenti</span> <span class='ocrx_word' id='word_1_52' title='bbox 854 630 897 670; x_wconf 83' lang='lat' dir='ltr'>vi,</span> <span class='ocrx_word' id='word_1_53' title='bbox 918 630 1080 665; x_wconf 77' lang='lat' dir='ltr'>cedentes</span> <span class='ocrx_word' id='word_1_54' title='bbox 1097 629 1188 664; x_wconf 89' lang='lat' dir='ltr'>haud</span> <span class='ocrx_word' id='word_1_55' title='bbox 1207 628 1350 662; x_wconf 88' lang='lat' dir='ltr'>multum</span> <span class='ocrx_word' id='word_1_56' title='bbox 1377 628 1541 662; x_wconf 80' lang='lat' dir='ltr'>momenti</span> <span class='ocrx_word' id='word_1_57' title='bbox 1568 627 1611 661; x_wconf 88' lang='lat' dir='ltr'>ad</span> <span class='ocrx_word' id='word_1_58' title='bbox 1638 627 1684 661; x_wconf 89' lang='lat' dir='ltr'>rei</span> 
     </span>
     <span class='ocr_line' id='line_1_7' title="bbox 277 685 1683 736; baseline -0.004 -11"><span class='ocrx_word' id='word_1_59' title='bbox 277 691 442 724; x_wconf 87' lang='lat' dir='ltr'>summam</span> <span class='ocrx_word' id='word_1_60' title='bbox 461 690 580 724; x_wconf 86' lang='lat' dir='ltr'>afferre</span> <span class='ocrx_word' id='word_1_61' title='bbox 598 690 813 729; x_wconf 82' lang='lat' dir='ltr'>videbantur,</span> <span class='ocrx_word' id='word_1_62' title='bbox 832 701 901 736; x_wconf 87' lang='lat' dir='ltr'>qua</span> <span class='ocrx_word' id='word_1_63' title='bbox 920 689 1096 727; x_wconf 82' lang='lat' dir='ltr'>institerat,</span> <span class='ocrx_word' id='word_1_64' title='bbox 1115 687 1292 734; x_wconf 80' lang='lat' dir='ltr'>pergebat.</span> <span class='ocrx_word' id='word_1_65' title='bbox 1346 687 1398 721; x_wconf 86' lang='lat' dir='ltr'>Ita</span> <span class='ocrx_word' id='word_1_66' title='bbox 1417 686 1460 721; x_wconf 84' lang='lat' dir='ltr'>ad</span> <span class='ocrx_word' id='word_1_67' title='bbox 1478 686 1592 721; x_wconf 88' lang='lat' dir='ltr'>locum</span> <span class='ocrx_word' id='word_1_68' title='bbox 1610 685 1683 720; x_wconf 89' lang='lat' dir='ltr'>infi-</span> 
     </span>
     <span class='ocr_line' id='line_1_8' title="bbox 277 744 1682 795; baseline -0.004 -12"><span class='ocrx_word' id='word_1_69' title='bbox 277 749 421 783; x_wconf 89' lang='lat' dir='ltr'>diarium</span> <span class='ocrx_word' id='word_1_70' title='bbox 441 749 764 795; x_wconf 79' lang='lat' dir='ltr'>appropinquatum,</span> <span class='ocrx_word' id='word_1_71' title='bbox 786 760 862 782; x_wconf 89' lang='lat' dir='ltr'>cum</span> <span class='ocrx_word' id='word_1_72' title='bbox 879 747 1033 781; x_wconf 77' lang='lat' dir='ltr'>emissarii</span> <span class='ocrx_word' id='word_1_73' title='bbox 1053 746 1098 780; x_wconf 92' lang='lat' dir='ltr'>illi</span> <span class='ocrx_word' id='word_1_74' title='bbox 1118 758 1157 781; x_wconf 80' lang='lat' dir='ltr'>ex</span> <span class='ocrx_word' id='word_1_75' title='bbox 1174 746 1270 793; x_wconf 90' lang='lat' dir='ltr'>equis</span> <span class='ocrx_word' id='word_1_76' title='bbox 1289 745 1455 785; x_wconf 89' lang='lat' dir='ltr'>defiliunt,</span> <span class='ocrx_word' id='word_1_77' title='bbox 1474 751 1508 780; x_wconf 88' lang='lat' dir='ltr'>et</span> <span class='ocrx_word' id='word_1_78' title='bbox 1526 744 1682 783; x_wconf 87' lang='lat' dir='ltr'>conferti,</span> 
     </span>
     <span class='ocr_line' id='line_1_9' title="bbox 276 803 1682 855; baseline -0.004 -13"><span class='ocrx_word' id='word_1_79' title='bbox 276 807 447 855; x_wconf 74' lang='lat' dir='ltr'>praetensis</span> <span class='ocrx_word' id='word_1_80' title='bbox 473 807 586 848; x_wconf 84' lang='lat' dir='ltr'>hastis,</span> <span class='ocrx_word' id='word_1_81' title='bbox 608 806 700 853; x_wconf 91' lang='lat' dir='ltr'>quafi</span> <span class='ocrx_word' id='word_1_82' title='bbox 719 807 781 840; x_wconf 90' lang='lat' dir='ltr'>toti</span> <span class='ocrx_word' id='word_1_83' title='bbox 803 806 995 853; x_wconf 88' lang='lat' dir='ltr'>Anglorum</span> <span class='ocrx_word' id='word_1_84' title='bbox 1015 805 1177 840; x_wconf 80' lang='lat' dir='ltr'>exercitui</span> <span class='ocrx_word' id='word_1_85' title='bbox 1196 804 1372 851; x_wconf 86' lang='lat' dir='ltr'>pugnandi</span> <span class='ocrx_word' id='word_1_86' title='bbox 1399 803 1534 850; x_wconf 86' lang='lat' dir='ltr'>copiam</span> <span class='ocrx_word' id='word_1_87' title='bbox 1559 803 1682 838; x_wconf 61' lang='lat' dir='ltr'>facturi</span> 
     </span>
     <span class='ocr_line' id='line_1_10' title="bbox 276 862 1682 913; baseline -0.004 -12"><span class='ocrx_word' id='word_1_88' title='bbox 276 867 308 901; x_wconf 89' lang='lat' dir='ltr'>se</span> <span class='ocrx_word' id='word_1_89' title='bbox 327 866 503 913; x_wconf 83' lang='lat' dir='ltr'>objiciunt,</span> <span class='ocrx_word' id='word_1_90' title='bbox 525 878 633 912; x_wconf 85' lang='lat' dir='ltr'>equos</span> <span class='ocrx_word' id='word_1_91' title='bbox 660 877 746 912; x_wconf 88' lang='lat' dir='ltr'>quos</span> <span class='ocrx_word' id='word_1_92' title='bbox 775 864 950 899; x_wconf 77' lang='lat' dir='ltr'>habebant</span> <span class='ocrx_word' id='word_1_93' title='bbox 977 863 1205 898; x_wconf 44' lang='lat' dir='ltr'>selectiffimos</span> <span class='ocrx_word' id='word_1_94' title='bbox 1233 863 1430 904; x_wconf 82' lang='lat' dir='ltr'>dimittunt3</span> <span class='ocrx_word' id='word_1_95' title='bbox 1459 862 1492 896; x_wconf 92' lang='lat' dir='ltr'>id</span> <span class='ocrx_word' id='word_1_96' title='bbox 1518 862 1682 896; x_wconf 84' lang='lat' dir='ltr'>limitanei</span> 
     </span>
     <span class='ocr_line' id='line_1_11' title="bbox 275 921 1684 971; baseline -0.004 -12"><span class='ocrx_word' id='word_1_97' title='bbox 275 925 472 971; x_wconf 88' lang='lat' dir='ltr'>conspicati,</span> <span class='ocrx_word' id='word_1_98' title='bbox 493 931 527 959; x_wconf 90' lang='lat' dir='ltr'>et</span> <span class='ocrx_word' id='word_1_99' title='bbox 545 937 662 959; x_wconf 90' lang='lat' dir='ltr'>eorum</span> <span class='ocrx_word' id='word_1_100' title='bbox 681 925 753 958; x_wconf 84' lang='lat' dir='ltr'>fere</span> <span class='ocrx_word' id='word_1_101' title='bbox 780 923 964 958; x_wconf 85' lang='lat' dir='ltr'>acerrimus</span> <span class='ocrx_word' id='word_1_102' title='bbox 983 922 1135 969; x_wconf 87' lang='lat' dir='ltr'>quisque,</span> <span class='ocrx_word' id='word_1_103' title='bbox 1157 922 1280 968; x_wconf 78' lang='lat' dir='ltr'>praedae</span> <span class='ocrx_word' id='word_1_104' title='bbox 1299 921 1458 968; x_wconf 86' lang='lat' dir='ltr'>cupidine</span> <span class='ocrx_word' id='word_1_105' title='bbox 1477 921 1556 955; x_wconf 89' lang='lat' dir='ltr'>dum</span> <span class='ocrx_word' id='word_1_106' title='bbox 1577 933 1684 967; x_wconf 86' lang='lat' dir='ltr'>equos</span> 
     </span>
     <span class='ocr_line' id='line_1_12' title="bbox 274 979 1684 1031; baseline -0.004 -13"><span class='ocrx_word' id='word_1_107' title='bbox 274 984 409 1031; x_wconf 87' lang='lat' dir='ltr'>longius</span> <span class='ocrx_word' id='word_1_108' title='bbox 428 984 657 1030; x_wconf 82' lang='lat' dir='ltr'>insequuntur,</span> <span class='ocrx_word' id='word_1_109' title='bbox 679 995 698 1017; x_wconf 87' lang='lat' dir='ltr'>a</span> <span class='ocrx_word' id='word_1_110' title='bbox 716 982 836 1029; x_wconf 89' lang='lat' dir='ltr'>proelio</span> <span class='ocrx_word' id='word_1_111' title='bbox 856 981 1017 1015; x_wconf 86' lang='lat' dir='ltr'>abfuere:</span> <span class='ocrx_word' id='word_1_112' title='bbox 1045 981 1169 1020; x_wconf 59' lang='lat' dir='ltr'>caeteri,</span> <span class='ocrx_word' id='word_1_113' title='bbox 1190 992 1374 1027; x_wconf 84' lang='lat' dir='ltr'>paucorum</span> <span class='ocrx_word' id='word_1_114' title='bbox 1396 979 1485 1014; x_wconf 87' lang='lat' dir='ltr'>hanc</span> <span class='ocrx_word' id='word_1_115' title='bbox 1504 979 1684 1014; x_wconf 86' lang='lat' dir='ltr'>audaciam</span> 
     </span>
     <span class='ocr_line' id='line_1_13' title="bbox 274 1038 1683 1088; baseline -0.004 -12"><span class='ocrx_word' id='word_1_116' title='bbox 274 1055 342 1076; x_wconf 86' lang='lat' dir='ltr'>non</span> <span class='ocrx_word' id='word_1_117' title='bbox 362 1042 568 1076; x_wconf 81' lang='lat' dir='ltr'>admirantes</span> <span class='ocrx_word' id='word_1_118' title='bbox 586 1041 696 1088; x_wconf 85' lang='lat' dir='ltr'>magis</span> <span class='ocrx_word' id='word_1_119' title='bbox 715 1052 819 1087; x_wconf 87' lang='lat' dir='ltr'>quam</span> <span class='ocrx_word' id='word_1_120' title='bbox 839 1045 1109 1078; x_wconf 77' lang='lat' dir='ltr'>contemnentes,</span> <span class='ocrx_word' id='word_1_121' title='bbox 1127 1039 1274 1073; x_wconf 85' lang='lat' dir='ltr'>necdum</span> <span class='ocrx_word' id='word_1_122' title='bbox 1294 1038 1337 1072; x_wconf 87' lang='lat' dir='ltr'>ad</span> <span class='ocrx_word' id='word_1_123' title='bbox 1356 1038 1512 1085; x_wconf 87' lang='lat' dir='ltr'>proelium</span> <span class='ocrx_word' id='word_1_124' title='bbox 1535 1038 1568 1072; x_wconf 91' lang='lat' dir='ltr'>se</span> <span class='ocrx_word' id='word_1_125' title='bbox 1587 1050 1683 1085; x_wconf 86' lang='lat' dir='ltr'>para-</span> 
     </span>
     <span class='ocr_line' id='line_1_14' title="bbox 275 1096 1684 1146; baseline -0.004 -11"><span class='ocrx_word' id='word_1_126' title='bbox 275 1106 404 1140; x_wconf 78' lang='lat' dir='ltr'>verant,</span> <span class='ocrx_word' id='word_1_127' title='bbox 424 1100 532 1134; x_wconf 89' lang='lat' dir='ltr'>donec</span> <span class='ocrx_word' id='word_1_128' title='bbox 552 1100 594 1139; x_wconf 92' lang='lat' dir='ltr'>ei,</span> <span class='ocrx_word' id='word_1_129' title='bbox 614 1099 724 1146; x_wconf 86' lang='lat' dir='ltr'>quiin</span> <span class='ocrx_word' id='word_1_130' title='bbox 752 1098 878 1132; x_wconf 86' lang='lat' dir='ltr'>insidiis</span> <span class='ocrx_word' id='word_1_131' title='bbox 905 1104 1013 1136; x_wconf 89' lang='lat' dir='ltr'>erant,</span> <span class='ocrx_word' id='word_1_132' title='bbox 1034 1098 1141 1131; x_wconf 90' lang='lat' dir='ltr'>coorti</span> <span class='ocrx_word' id='word_1_133' title='bbox 1169 1105 1214 1136; x_wconf 85' lang='lat' dir='ltr'>et,</span> <span class='ocrx_word' id='word_1_134' title='bbox 1241 1097 1374 1131; x_wconf 75' lang='lat' dir='ltr'>subiato</span> <span class='ocrx_word' id='word_1_135' title='bbox 1403 1109 1507 1143; x_wconf 87' lang='lat' dir='ltr'>quam</span> <span class='ocrx_word' id='word_1_136' title='bbox 1535 1096 1684 1131; x_wconf 77' lang='lat' dir='ltr'>maximo</span> 
     </span>
     <span class='ocr_line' id='line_1_15' title="bbox 274 1155 1684 1206; baseline -0.003 -13"><span class='ocrx_word' id='word_1_137' title='bbox 274 1164 432 1206; x_wconf 85' lang='lat' dir='ltr'>poterant</span> <span class='ocrx_word' id='word_1_138' title='bbox 451 1159 611 1196; x_wconf 86' lang='lat' dir='ltr'>clamore,</span> <span class='ocrx_word' id='word_1_139' title='bbox 634 1158 707 1204; x_wconf 90' lang='lat' dir='ltr'>jam</span> <span class='ocrx_word' id='word_1_140' title='bbox 727 1157 879 1198; x_wconf 89' lang='lat' dir='ltr'>aderant,</span> <span class='ocrx_word' id='word_1_141' title='bbox 904 1157 977 1203; x_wconf 86' lang='lat' dir='ltr'>jam</span> <span class='ocrx_word' id='word_1_142' title='bbox 996 1156 1028 1190; x_wconf 90' lang='lat' dir='ltr'>se</span> <span class='ocrx_word' id='word_1_143' title='bbox 1055 1155 1258 1190; x_wconf 81' lang='lat' dir='ltr'>inferebant.</span> <span class='ocrx_word' id='word_1_144' title='bbox 1312 1155 1403 1190; x_wconf 89' lang='lat' dir='ltr'>Tum</span> <span class='ocrx_word' id='word_1_145' title='bbox 1422 1167 1502 1190; x_wconf 87' lang='lat' dir='ltr'>vero</span> <span class='ocrx_word' id='word_1_146' title='bbox 1521 1167 1562 1189; x_wconf 88' lang='lat' dir='ltr'>ex</span> <span class='ocrx_word' id='word_1_147' title='bbox 1588 1155 1684 1202; x_wconf 87' lang='lat' dir='ltr'>equis</span> 
     </span>
     <span class='ocr_line' id='line_1_16' title="bbox 275 1214 1683 1261; baseline -0.003 -9"><span class='ocrx_word' id='word_1_148' title='bbox 275 1217 490 1258; x_wconf 84' lang='lat' dir='ltr'>descendere,</span> <span class='ocrx_word' id='word_1_149' title='bbox 512 1217 619 1251; x_wconf 84' lang='lat' dir='ltr'>aciem</span> <span class='ocrx_word' id='word_1_150' title='bbox 640 1216 813 1255; x_wconf 86' lang='lat' dir='ltr'>instruere,</span> <span class='ocrx_word' id='word_1_151' title='bbox 832 1215 967 1249; x_wconf 75' lang='lat' dir='ltr'>ordines</span> <span class='ocrx_word' id='word_1_152' title='bbox 986 1214 1156 1261; x_wconf 85' lang='lat' dir='ltr'>explicare</span> <span class='ocrx_word' id='word_1_153' title='bbox 1175 1215 1288 1249; x_wconf 86' lang='lat' dir='ltr'>omnia</span> <span class='ocrx_word' id='word_1_154' title='bbox 1308 1214 1402 1249; x_wconf 91' lang='lat' dir='ltr'>fimul</span> <span class='ocrx_word' id='word_1_155' title='bbox 1418 1214 1544 1252; x_wconf 89' lang='lat' dir='ltr'>conati,</span> <span class='ocrx_word' id='word_1_156' title='bbox 1563 1214 1683 1249; x_wconf 87' lang='lat' dir='ltr'>frustra</span> 
     </span>
     <span class='ocr_line' id='line_1_17' title="bbox 274 1273 1682 1321; baseline -0.001 -11"><span class='ocrx_word' id='word_1_157' title='bbox 274 1276 534 1316; x_wconf 84' lang='lat' dir='ltr'>tumultuantur,</span> <span class='ocrx_word' id='word_1_158' title='bbox 556 1275 629 1309; x_wconf 88' lang='lat' dir='ltr'>aliis</span> <span class='ocrx_word' id='word_1_159' title='bbox 649 1275 732 1309; x_wconf 86' lang='lat' dir='ltr'>alios</span> <span class='ocrx_word' id='word_1_160' title='bbox 752 1273 1026 1321; x_wconf 74' lang='lat' dir='ltr'>impedientibus,</span> <span class='ocrx_word' id='word_1_161' title='bbox 1044 1286 1083 1307; x_wconf 88' lang='lat' dir='ltr'>ac</span> <span class='ocrx_word' id='word_1_162' title='bbox 1102 1273 1345 1320; x_wconf 73' lang='lat' dir='ltr'>promptissimo</span> <span class='ocrx_word' id='word_1_163' title='bbox 1364 1286 1503 1321; x_wconf 88' lang='lat' dir='ltr'>quoque</span> <span class='ocrx_word' id='word_1_164' title='bbox 1522 1274 1607 1309; x_wconf 89' lang='lat' dir='ltr'>inter</span> <span class='ocrx_word' id='word_1_165' title='bbox 1626 1273 1682 1308; x_wconf 89' lang='lat' dir='ltr'>de-</span> 
     </span>
     <span class='ocr_line' id='line_1_18' title="bbox 274 1331 1683 1380; baseline -0.001 -12"><span class='ocrx_word' id='word_1_166' title='bbox 274 1333 503 1369; x_wconf 86' lang='lat' dir='ltr'>scendendum</span> <span class='ocrx_word' id='word_1_167' title='bbox 520 1334 618 1373; x_wconf 71' lang='lat' dir='ltr'>caeso,</span> <span class='ocrx_word' id='word_1_168' title='bbox 638 1333 785 1380; x_wconf 85' lang='lat' dir='ltr'>reliquis,</span> <span class='ocrx_word' id='word_1_169' title='bbox 803 1345 871 1380; x_wconf 87' lang='lat' dir='ltr'>qua</span> <span class='ocrx_word' id='word_1_170' title='bbox 885 1333 1027 1379; x_wconf 80' lang='lat' dir='ltr'>quisque</span> <span class='ocrx_word' id='word_1_171' title='bbox 1042 1338 1187 1379; x_wconf 85' lang='lat' dir='ltr'>poterat,</span> <span class='ocrx_word' id='word_1_172' title='bbox 1206 1331 1264 1366; x_wconf 89' lang='lat' dir='ltr'>fibi</span> <span class='ocrx_word' id='word_1_173' title='bbox 1284 1332 1549 1375; x_wconf 85' lang='lat' dir='ltr'>consulentibus,</span> <span class='ocrx_word' id='word_1_174' title='bbox 1566 1345 1683 1367; x_wconf 83' lang='lat' dir='ltr'>omnes</span> 
     </span>
     <span class='ocr_line' id='line_1_19' title="bbox 276 1390 1681 1439; baseline -0.001 -13"><span class='ocrx_word' id='word_1_175' title='bbox 276 1393 402 1439; x_wconf 87' lang='lat' dir='ltr'>pariter</span> <span class='ocrx_word' id='word_1_176' title='bbox 420 1391 481 1426; x_wconf 84' lang='lat' dir='ltr'>fusi</span> <span class='ocrx_word' id='word_1_177' title='bbox 510 1392 692 1438; x_wconf 80' lang='lat' dir='ltr'>fugatique</span> <span class='ocrx_word' id='word_1_178' title='bbox 721 1392 805 1426; x_wconf 87' lang='lat' dir='ltr'>sunt.</span> <span class='ocrx_word' id='word_1_179' title='bbox 856 1390 1093 1438; x_wconf 79' lang='lat' dir='ltr'>Nequaquam</span> <span class='ocrx_word' id='word_1_180' title='bbox 1125 1390 1258 1430; x_wconf 86' lang='lat' dir='ltr'>eadem,</span> <span class='ocrx_word' id='word_1_181' title='bbox 1278 1403 1344 1437; x_wconf 88' lang='lat' dir='ltr'>qua</span> <span class='ocrx_word' id='word_1_182' title='bbox 1373 1391 1416 1425; x_wconf 89' lang='lat' dir='ltr'>ad</span> <span class='ocrx_word' id='word_1_183' title='bbox 1437 1391 1681 1432; x_wconf 85' lang='lat' dir='ltr'>Millertonum‚</span> 
     </span>
     <span class='ocr_line' id='line_1_20' title="bbox 274 1449 1682 1496; baseline -0.001 -11"><span class='ocrx_word' id='word_1_184' title='bbox 274 1450 456 1485; x_wconf 84' lang='lat' dir='ltr'>clementia</span> <span class='ocrx_word' id='word_1_185' title='bbox 483 1450 631 1485; x_wconf 59' lang='lat' dir='ltr'>viclores</span> <span class='ocrx_word' id='word_1_186' title='bbox 659 1450 726 1490; x_wconf 79' lang='lat' dir='ltr'>ufi3</span> <span class='ocrx_word' id='word_1_187' title='bbox 754 1450 982 1484; x_wconf 84' lang='lat' dir='ltr'>acclamatum</span> <span class='ocrx_word' id='word_1_188' title='bbox 1010 1449 1160 1496; x_wconf 88' lang='lat' dir='ltr'>undique</span> <span class='ocrx_word' id='word_1_189' title='bbox 1188 1456 1224 1483; x_wconf 92' lang='lat' dir='ltr'>ut</span> <span class='ocrx_word' id='word_1_190' title='bbox 1245 1449 1388 1496; x_wconf 80' lang='lat' dir='ltr'>Georgii</span> <span class='ocrx_word' id='word_1_191' title='bbox 1417 1449 1623 1490; x_wconf 58' lang='lat' dir='ltr'>inhumanae,</span> <span class='ocrx_word' id='word_1_192' title='bbox 1650 1457 1682 1484; x_wconf 85' lang='lat' dir='ltr'>et</span> 
     </span>
     <span class='ocr_line' id='line_1_21' title="bbox 272 1508 1679 1555; baseline -0.001 -12"><span class='ocrx_word' id='word_1_193' title='bbox 272 1516 393 1544; x_wconf 87' lang='lat' dir='ltr'>contra</span> <span class='ocrx_word' id='word_1_194' title='bbox 414 1509 492 1543; x_wconf 86' lang='lat' dir='ltr'>belli</span> <span class='ocrx_word' id='word_1_195' title='bbox 512 1521 654 1548; x_wconf 84' lang='lat' dir='ltr'>morem,</span> <span class='ocrx_word' id='word_1_196' title='bbox 674 1508 776 1543; x_wconf 62' lang='lat' dir='ltr'>caedis</span> <span class='ocrx_word' id='word_1_197' title='bbox 795 1520 964 1543; x_wconf 84' lang='lat' dir='ltr'>memores</span> <span class='ocrx_word' id='word_1_198' title='bbox 983 1508 1098 1550; x_wconf 67' lang='lat' dir='ltr'>essent,</span> <span class='ocrx_word' id='word_1_199' title='bbox 1120 1514 1153 1542; x_wconf 84' lang='lat' dir='ltr'>et</span> <span class='ocrx_word' id='word_1_200' title='bbox 1172 1520 1291 1555; x_wconf 85' lang='lat' dir='ltr'>poenas</span> <span class='ocrx_word' id='word_1_201' title='bbox 1306 1514 1525 1554; x_wconf 76' lang='lat' dir='ltr'>expeterent3</span> <span class='ocrx_word' id='word_1_202' title='bbox 1553 1509 1679 1555; x_wconf 84' lang='lat' dir='ltr'>itaque,</span> 
     </span>
     <span class='ocr_line' id='line_1_22' title="bbox 272 1566 1681 1615; baseline -0.001 -13"><span class='ocrx_word' id='word_1_203' title='bbox 272 1574 441 1615; x_wconf 90' lang='lat' dir='ltr'>quotquot</span> <span class='ocrx_word' id='word_1_204' title='bbox 461 1567 589 1614; x_wconf 74' lang='lat' dir='ltr'>afl&#39;equi</span> <span class='ocrx_word' id='word_1_205' title='bbox 609 1573 767 1614; x_wconf 87' lang='lat' dir='ltr'>poterant</span> <span class='ocrx_word' id='word_1_206' title='bbox 787 1566 872 1605; x_wconf 56' lang='lat' dir='ltr'>caefi,</span> <span class='ocrx_word' id='word_1_207' title='bbox 892 1573 1013 1614; x_wconf 87' lang='lat' dir='ltr'>captus</span> <span class='ocrx_word' id='word_1_208' title='bbox 1031 1579 1144 1606; x_wconf 87' lang='lat' dir='ltr'>nemo,</span> <span class='ocrx_word' id='word_1_209' title='bbox 1163 1566 1222 1600; x_wconf 84' lang='lat' dir='ltr'>nifi</span> <span class='ocrx_word' id='word_1_210' title='bbox 1241 1567 1299 1613; x_wconf 90' lang='lat' dir='ltr'>qui</span> <span class='ocrx_word' id='word_1_211' title='bbox 1318 1567 1350 1600; x_wconf 92' lang='lat' dir='ltr'>in</span> <span class='ocrx_word' id='word_1_212' title='bbox 1368 1566 1550 1601; x_wconf 87' lang='lat' dir='ltr'>Blacadari</span> <span class='ocrx_word' id='word_1_213' title='bbox 1569 1579 1681 1602; x_wconf 89' lang='lat' dir='ltr'>arcem</span> 
     </span>
     <span class='ocr_line' id='line_1_23' title="bbox 271 1625 1679 1673; baseline 0 -14"><span class='ocrx_word' id='word_1_214' title='bbox 271 1627 498 1673; x_wconf 86' lang='lat' dir='ltr'>propinquam</span> <span class='ocrx_word' id='word_1_215' title='bbox 519 1626 665 1660; x_wconf 70' lang='lat' dir='ltr'>evasere.</span> <span class='ocrx_word' id='word_1_216' title='bbox 719 1625 807 1660; x_wconf 82' lang='lat' dir='ltr'>Eam</span> <span class='ocrx_word' id='word_1_217' title='bbox 826 1625 1030 1671; x_wconf 80' lang='lat' dir='ltr'>fugientium</span> <span class='ocrx_word' id='word_1_218' title='bbox 1051 1632 1146 1660; x_wconf 85' lang='lat' dir='ltr'>tanta</span> <span class='ocrx_word' id='word_1_219' title='bbox 1164 1625 1382 1660; x_wconf 87' lang='lat' dir='ltr'>multitudine</span> <span class='ocrx_word' id='word_1_220' title='bbox 1400 1625 1559 1660; x_wconf 86' lang='lat' dir='ltr'>refertam</span> <span class='ocrx_word' id='word_1_221' title='bbox 1575 1626 1679 1666; x_wconf 88' lang='lat' dir='ltr'>aiunt,</span> 
     </span>
     <span class='ocr_line' id='line_1_24' title="bbox 272 1684 1681 1732; baseline -0.001 -13"><span class='ocrx_word' id='word_1_222' title='bbox 272 1691 402 1732; x_wconf 87' lang='lat' dir='ltr'>quanta</span> <span class='ocrx_word' id='word_1_223' title='bbox 433 1684 595 1718; x_wconf 89' lang='lat' dir='ltr'>domuum</span> <span class='ocrx_word' id='word_1_224' title='bbox 631 1690 663 1718; x_wconf 91' lang='lat' dir='ltr'>et</span> <span class='ocrx_word' id='word_1_225' title='bbox 692 1696 780 1718; x_wconf 72' lang='lat' dir='ltr'>areae</span> <span class='ocrx_word' id='word_1_226' title='bbox 808 1690 879 1718; x_wconf 90' lang='lat' dir='ltr'>tota</span> <span class='ocrx_word' id='word_1_227' title='bbox 905 1684 1098 1730; x_wconf 83' lang='lat' dir='ltr'>capacitate</span> <span class='ocrx_word' id='word_1_228' title='bbox 1133 1684 1307 1718; x_wconf 87' lang='lat' dir='ltr'>continere</span> <span class='ocrx_word' id='word_1_229' title='bbox 1333 1689 1479 1730; x_wconf 82' lang='lat' dir='ltr'>poterat.</span> <span class='ocrx_word' id='word_1_230' title='bbox 1544 1684 1681 1731; x_wconf 88' lang='lat' dir='ltr'>Quippe</span> 
     </span>
     <span class='ocr_line' id='line_1_25' title="bbox 272 1742 1680 1790; baseline 0.001 -14"><span class='ocrx_word' id='word_1_231' title='bbox 272 1743 338 1777; x_wconf 89' lang='lat' dir='ltr'>loci</span> <span class='ocrx_word' id='word_1_232' title='bbox 358 1742 515 1777; x_wconf 86' lang='lat' dir='ltr'>dominus</span> <span class='ocrx_word' id='word_1_233' title='bbox 534 1754 610 1777; x_wconf 90' lang='lat' dir='ltr'>curn</span> <span class='ocrx_word' id='word_1_234' title='bbox 628 1742 787 1776; x_wconf 86' lang='lat' dir='ltr'>Nisbetto</span> <span class='ocrx_word' id='word_1_235' title='bbox 806 1742 1022 1781; x_wconf 87' lang='lat' dir='ltr'>occidentali,</span> <span class='ocrx_word' id='word_1_236' title='bbox 1037 1743 1090 1777; x_wconf 88' lang='lat' dir='ltr'>cui</span> <span class='ocrx_word' id='word_1_237' title='bbox 1109 1742 1403 1777; x_wconf 56' lang='lat' dir='ltr'>ll&#39;edderburnius</span> <span class='ocrx_word' id='word_1_238' title='bbox 1422 1755 1522 1790; x_wconf 90' lang='lat' dir='ltr'>opem</span> <span class='ocrx_word' id='word_1_239' title='bbox 1537 1742 1680 1784; x_wconf 90' lang='lat' dir='ltr'>ferebat,</span> 
     </span>
     <span class='ocr_line' id='line_1_26' title="bbox 271 1800 1680 1848; baseline 0.001 -13"><span class='ocrx_word' id='word_1_240' title='bbox 271 1801 474 1836; x_wconf 77' lang='lat' dir='ltr'>simultatem</span> <span class='ocrx_word' id='word_1_241' title='bbox 495 1800 632 1843; x_wconf 80' lang='lat' dir='ltr'>alebat3</span> <span class='ocrx_word' id='word_1_242' title='bbox 657 1813 726 1847; x_wconf 88' lang='lat' dir='ltr'>quo</span> <span class='ocrx_word' id='word_1_243' title='bbox 744 1801 888 1842; x_wconf 63' lang='lat' dir='ltr'>factum,</span> <span class='ocrx_word' id='word_1_244' title='bbox 909 1808 945 1835; x_wconf 92' lang='lat' dir='ltr'>ut</span> <span class='ocrx_word' id='word_1_245' title='bbox 964 1813 1027 1835; x_wconf 89' lang='lat' dir='ltr'>nec</span> <span class='ocrx_word' id='word_1_246' title='bbox 1045 1801 1222 1847; x_wconf 76' lang='lat' dir='ltr'>aegerrime</span> <span class='ocrx_word' id='word_1_247' title='bbox 1244 1801 1387 1848; x_wconf 81' lang='lat' dir='ltr'>Georgii</span> <span class='ocrx_word' id='word_1_248' title='bbox 1406 1801 1535 1836; x_wconf 82' lang='lat' dir='ltr'>caedem</span> <span class='ocrx_word' id='word_1_249' title='bbox 1555 1801 1680 1841; x_wconf 87' lang='lat' dir='ltr'>tulerit,</span> 
     </span>
     <span class='ocr_line' id='line_1_27' title="bbox 271 1858 1679 1907; baseline 0.001 -13"><span class='ocrx_word' id='word_1_250' title='bbox 271 1872 335 1894; x_wconf 87' lang='lat' dir='ltr'>nec</span> <span class='ocrx_word' id='word_1_251' title='bbox 354 1859 484 1907; x_wconf 84' lang='lat' dir='ltr'>proelio,</span> <span class='ocrx_word' id='word_1_252' title='bbox 504 1859 537 1893; x_wconf 89' lang='lat' dir='ltr'>in</span> <span class='ocrx_word' id='word_1_253' title='bbox 556 1872 624 1906; x_wconf 88' lang='lat' dir='ltr'>quo</span> <span class='ocrx_word' id='word_1_254' title='bbox 644 1859 717 1905; x_wconf 82' lang='lat' dir='ltr'>ejus</span> <span class='ocrx_word' id='word_1_255' title='bbox 735 1858 821 1893; x_wconf 87' lang='lat' dir='ltr'>filius</span> <span class='ocrx_word' id='word_1_256' title='bbox 835 1859 1038 1906; x_wconf 78' lang='lat' dir='ltr'>imperabat,</span> <span class='ocrx_word' id='word_1_257' title='bbox 1058 1859 1256 1894; x_wconf 87' lang='lat' dir='ltr'>interfuerit.</span> <span class='ocrx_word' id='word_1_258' title='bbox 1302 1859 1354 1893; x_wconf 86' lang='lat' dir='ltr'>Ita</span> <span class='ocrx_word' id='word_1_259' title='bbox 1373 1871 1454 1906; x_wconf 82' lang='lat' dir='ltr'>erga</span> <span class='ocrx_word' id='word_1_260' title='bbox 1471 1860 1604 1907; x_wconf 88' lang='lat' dir='ltr'>Anglos</span> <span class='ocrx_word' id='word_1_261' title='bbox 1623 1873 1679 1907; x_wconf 87' lang='lat' dir='ltr'>pa-</span> 
     </span>
     <span class='ocr_line' id='line_1_28' title="bbox 272 1917 1680 1965; baseline 0 -12"><span class='ocrx_word' id='word_1_262' title='bbox 272 1918 388 1959; x_wconf 85' lang='lat' dir='ltr'>catior,</span> <span class='ocrx_word' id='word_1_263' title='bbox 410 1924 443 1952; x_wconf 90' lang='lat' dir='ltr'>et</span> <span class='ocrx_word' id='word_1_264' title='bbox 468 1917 633 1952; x_wconf 89' lang='lat' dir='ltr'>dedentes</span> <span class='ocrx_word' id='word_1_265' title='bbox 660 1917 800 1963; x_wconf 87' lang='lat' dir='ltr'>recepit,</span> <span class='ocrx_word' id='word_1_266' title='bbox 820 1930 860 1951; x_wconf 87' lang='lat' dir='ltr'>ac</span> <span class='ocrx_word' id='word_1_267' title='bbox 888 1917 1020 1964; x_wconf 90' lang='lat' dir='ltr'>postero</span> <span class='ocrx_word' id='word_1_268' title='bbox 1040 1917 1094 1952; x_wconf 89' lang='lat' dir='ltr'>die</span> <span class='ocrx_word' id='word_1_269' title='bbox 1122 1917 1322 1958; x_wconf 82' lang='lat' dir='ltr'>incolumes,</span> <span class='ocrx_word' id='word_1_270' title='bbox 1341 1930 1382 1952; x_wconf 86' lang='lat' dir='ltr'>ac</span> <span class='ocrx_word' id='word_1_271' title='bbox 1409 1917 1477 1952; x_wconf 89' lang='lat' dir='ltr'>fine</span> <span class='ocrx_word' id='word_1_272' title='bbox 1504 1920 1613 1965; x_wconf 88' lang='lat' dir='ltr'>pretio</span> <span class='ocrx_word' id='word_1_273' title='bbox 1632 1919 1680 1953; x_wconf 94' lang='lat' dir='ltr'>di-</span> 
     </span>
     <span class='ocr_line' id='line_1_29' title="bbox 269 1975 1678 2022; baseline 0.001 -11"><span class='ocrx_word' id='word_1_274' title='bbox 269 1976 366 2011; x_wconf 82' lang='lat' dir='ltr'>misit.</span> <span class='ocrx_word' id='word_1_275' title='bbox 420 1976 508 2016; x_wconf 84' lang='lat' dir='ltr'>Qua,</span> <span class='ocrx_word' id='word_1_276' title='bbox 529 1982 565 2009; x_wconf 90' lang='lat' dir='ltr'>ut</span> <span class='ocrx_word' id='word_1_277' title='bbox 585 1975 699 2010; x_wconf 72' lang='lat' dir='ltr'>David</span> <span class='ocrx_word' id='word_1_278' title='bbox 718 1975 1013 2022; x_wconf 84' lang='lat' dir='ltr'>interpretabatur,</span> <span class='ocrx_word' id='word_1_279' title='bbox 1034 1975 1153 2022; x_wconf 75' lang='lat' dir='ltr'>insigni</span> <span class='ocrx_word' id='word_1_280' title='bbox 1172 1976 1293 2022; x_wconf 87' lang='lat' dir='ltr'>injuria</span> <span class='ocrx_word' id='word_1_281' title='bbox 1313 1988 1353 2010; x_wconf 88' lang='lat' dir='ltr'>ac</span> <span class='ocrx_word' id='word_1_282' title='bbox 1368 1977 1584 2019; x_wconf 86' lang='lat' dir='ltr'>contumelia,</span> <span class='ocrx_word' id='word_1_283' title='bbox 1605 1985 1678 2012; x_wconf 86' lang='lat' dir='ltr'>tan-</span> 
     </span>
     <span class='ocr_line' id='line_1_30' title="bbox 271 2033 1678 2082; baseline 0.001 -13"><span class='ocrx_word' id='word_1_284' title='bbox 271 2041 314 2070; x_wconf 80' lang='lat' dir='ltr'>tae</span> <span class='ocrx_word' id='word_1_285' title='bbox 333 2035 419 2069; x_wconf 90' lang='lat' dir='ltr'>inter</span> <span class='ocrx_word' id='word_1_286' title='bbox 438 2034 647 2081; x_wconf 86' lang='lat' dir='ltr'>propinquas</span> <span class='ocrx_word' id='word_1_287' title='bbox 675 2033 822 2068; x_wconf 83' lang='lat' dir='ltr'>familias</span> <span class='ocrx_word' id='word_1_288' title='bbox 849 2034 1033 2068; x_wconf 61' lang='lat' dir='ltr'>inimicitiae</span> <span class='ocrx_word' id='word_1_289' title='bbox 1061 2034 1265 2076; x_wconf 83' lang='lat' dir='ltr'>exarserunt,</span> <span class='ocrx_word' id='word_1_290' title='bbox 1295 2047 1334 2069; x_wconf 90' lang='lat' dir='ltr'>ac</span> <span class='ocrx_word' id='word_1_291' title='bbox 1362 2040 1432 2069; x_wconf 88' lang='lat' dir='ltr'>tam</span> <span class='ocrx_word' id='word_1_292' title='bbox 1461 2036 1678 2082; x_wconf 89' lang='lat' dir='ltr'>pertinaciter</span> 
     </span>
     <span class='ocr_line' id='line_1_31' title="bbox 271 2091 1677 2140; baseline 0.001 -13"><span class='ocrx_word' id='word_1_293' title='bbox 271 2093 429 2140; x_wconf 88' lang='lat' dir='ltr'>utrinque</span> <span class='ocrx_word' id='word_1_294' title='bbox 448 2092 606 2127; x_wconf 80' lang='lat' dir='ltr'>exercitae</span> <span class='ocrx_word' id='word_1_295' title='bbox 625 2092 711 2133; x_wconf 88' lang='lat' dir='ltr'>sunt,</span> <span class='ocrx_word' id='word_1_296' title='bbox 732 2091 805 2126; x_wconf 88' lang='lat' dir='ltr'>aliis</span> <span class='ocrx_word' id='word_1_297' title='bbox 821 2104 862 2126; x_wconf 77' lang='lat' dir='ltr'>ex</span> <span class='ocrx_word' id='word_1_298' title='bbox 881 2092 954 2126; x_wconf 88' lang='lat' dir='ltr'>aliis</span> <span class='ocrx_word' id='word_1_299' title='bbox 970 2092 1187 2126; x_wconf 85' lang='lat' dir='ltr'>nascentibus</span> <span class='ocrx_word' id='word_1_300' title='bbox 1202 2092 1270 2126; x_wconf 87' lang='lat' dir='ltr'>odii</span> <span class='ocrx_word' id='word_1_301' title='bbox 1285 2092 1529 2136; x_wconf 84' lang='lat' dir='ltr'>occasionibus,</span> <span class='ocrx_word' id='word_1_302' title='bbox 1546 2102 1583 2128; x_wconf 93' lang='lat' dir='ltr'>ut</span> <span class='ocrx_word' id='word_1_303' title='bbox 1600 2093 1677 2129; x_wconf 88' lang='lat' dir='ltr'>Bla-</span> 
     </span>
     <span class='ocr_line' id='line_1_32' title="bbox 270 2150 1677 2197; baseline 0.001 -11"><span class='ocrx_word' id='word_1_304' title='bbox 270 2151 407 2186; x_wconf 87' lang='lat' dir='ltr'>cadario</span> <span class='ocrx_word' id='word_1_305' title='bbox 425 2151 566 2190; x_wconf 89' lang='lat' dir='ltr'>nomini,</span> <span class='ocrx_word' id='word_1_306' title='bbox 585 2163 626 2185; x_wconf 88' lang='lat' dir='ltr'>ea</span> <span class='ocrx_word' id='word_1_307' title='bbox 645 2151 677 2184; x_wconf 90' lang='lat' dir='ltr'>in</span> <span class='ocrx_word' id='word_1_308' title='bbox 705 2150 889 2197; x_wconf 86' lang='lat' dir='ltr'>provincia,</span> <span class='ocrx_word' id='word_1_309' title='bbox 910 2150 1047 2184; x_wconf 89' lang='lat' dir='ltr'>tandem</span> <span class='ocrx_word' id='word_1_310' title='bbox 1067 2151 1171 2185; x_wconf 77' lang='lat' dir='ltr'>exitio</span> <span class='ocrx_word' id='word_1_311' title='bbox 1192 2151 1328 2186; x_wconf 85' lang='lat' dir='ltr'>fuerint.</span> <span class='ocrx_word' id='word_1_312' title='bbox 1383 2151 1520 2186; x_wconf 85' lang='lat' dir='ltr'>Accidit</span> <span class='ocrx_word' id='word_1_313' title='bbox 1546 2152 1601 2187; x_wconf 85' lang='lat' dir='ltr'>liic</span> <span class='ocrx_word' id='word_1_314' title='bbox 1626 2166 1677 2187; x_wconf 83' lang='lat' dir='ltr'>res</span> 
     </span>
     <span class='ocr_line' id='line_1_33' title="bbox 270 2207 1675 2258; baseline 0.001 -14"><span class='ocrx_word' id='word_1_315' title='bbox 270 2222 338 2245; x_wconf 87' lang='lat' dir='ltr'>una</span> <span class='ocrx_word' id='word_1_316' title='bbox 357 2216 415 2244; x_wconf 90' lang='lat' dir='ltr'>aut</span> <span class='ocrx_word' id='word_1_317' title='bbox 434 2209 549 2250; x_wconf 87' lang='lat' dir='ltr'>altera,</span> <span class='ocrx_word' id='word_1_318' title='bbox 571 2216 606 2243; x_wconf 91' lang='lat' dir='ltr'>ut</span> <span class='ocrx_word' id='word_1_319' title='bbox 626 2208 838 2255; x_wconf 83' lang='lat' dir='ltr'>perridicula,</span> <span class='ocrx_word' id='word_1_320' title='bbox 857 2207 949 2242; x_wconf 87' lang='lat' dir='ltr'>haud</span> <span class='ocrx_word' id='word_1_321' title='bbox 964 2215 1077 2243; x_wconf 88' lang='lat' dir='ltr'>tamen</span> <span class='ocrx_word' id='word_1_322' title='bbox 1094 2208 1228 2243; x_wconf 75' lang='lat' dir='ltr'>fortasse</span> <span class='ocrx_word' id='word_1_323' title='bbox 1243 2209 1401 2244; x_wconf 84' lang='lat' dir='ltr'>tacenda.</span> <span class='ocrx_word' id='word_1_324' title='bbox 1448 2210 1675 2258; x_wconf 84' lang='lat' dir='ltr'>Langtonius,</span> 
     </span>
     <span class='ocr_line' id='line_1_34' title="bbox 270 2267 1675 2311; baseline 0.001 -8"><span class='ocrx_word' id='word_1_325' title='bbox 270 2268 501 2307; x_wconf 84' lang='lat' dir='ltr'>tumultuarie,</span> <span class='ocrx_word' id='word_1_326' title='bbox 521 2273 557 2302; x_wconf 89' lang='lat' dir='ltr'>ut</span> <span class='ocrx_word' id='word_1_327' title='bbox 583 2267 740 2307; x_wconf 76' lang='lat' dir='ltr'>diximus,</span> <span class='ocrx_word' id='word_1_328' title='bbox 759 2267 900 2309; x_wconf 86' lang='lat' dir='ltr'>excitus,</span> <span class='ocrx_word' id='word_1_329' title='bbox 923 2267 1010 2301; x_wconf 89' lang='lat' dir='ltr'>forte</span> <span class='ocrx_word' id='word_1_330' title='bbox 1038 2267 1175 2302; x_wconf 89' lang='lat' dir='ltr'>inermis</span> <span class='ocrx_word' id='word_1_331' title='bbox 1202 2268 1414 2303; x_wconf 76' lang='lat' dir='ltr'>excurrebat.</span> <span class='ocrx_word' id='word_1_332' title='bbox 1468 2269 1510 2311; x_wconf 87' lang='lat' dir='ltr'>Is,</span> <span class='ocrx_word' id='word_1_333' title='bbox 1532 2282 1608 2304; x_wconf 90' lang='lat' dir='ltr'>cum</span> <span class='ocrx_word' id='word_1_334' title='bbox 1628 2270 1675 2304; x_wconf 91' lang='lat' dir='ltr'>in-</span> 
     </span>
     <span class='ocr_line' id='line_1_35' title="bbox 269 2325 1676 2374; baseline 0.001 -12"><span class='ocrx_word' id='word_1_335' title='bbox 269 2327 356 2362; x_wconf 86' lang='lat' dir='ltr'>stare</span> <span class='ocrx_word' id='word_1_336' title='bbox 369 2326 442 2374; x_wconf 85' lang='lat' dir='ltr'>jam</span> <span class='ocrx_word' id='word_1_337' title='bbox 461 2332 634 2361; x_wconf 87' lang='lat' dir='ltr'>certamen</span> <span class='ocrx_word' id='word_1_338' title='bbox 654 2331 816 2368; x_wconf 88' lang='lat' dir='ltr'>cerneret,</span> <span class='ocrx_word' id='word_1_339' title='bbox 837 2325 902 2360; x_wconf 84' lang='lat' dir='ltr'>suis</span> <span class='ocrx_word' id='word_1_340' title='bbox 920 2331 956 2360; x_wconf 90' lang='lat' dir='ltr'>ut</span> <span class='ocrx_word' id='word_1_341' title='bbox 975 2338 1015 2360; x_wconf 84' lang='lat' dir='ltr'>ex</span> <span class='ocrx_word' id='word_1_342' title='bbox 1041 2326 1138 2372; x_wconf 84' lang='lat' dir='ltr'>equis</span> <span class='ocrx_word' id='word_1_343' title='bbox 1165 2326 1419 2368; x_wconf 83' lang='lat' dir='ltr'>descenderent,</span> <span class='ocrx_word' id='word_1_344' title='bbox 1439 2327 1614 2371; x_wconf 79' lang='lat' dir='ltr'>edixerat3</span> <span class='ocrx_word' id='word_1_345' title='bbox 1643 2336 1676 2363; x_wconf 91' lang='lat' dir='ltr'>et</span> 
     </span>
    </p>
   </div>
  </div>
 </body>
</html>
