1922 2767
617 692 884 722 NOBILISSIMO
906 692 960 722 Ac
982 692 1289 722 POTENTISSIMO

537 837 900 878 ALEXANDRO
932 836 1133 878 HUMIO
1167 834 1391 881 COMITI,

933 983 979 1007 ET

432 1103 698 1144 GEORGIO
729 1102 1028 1144 WEDDERB
1041 1102 1236 1149 URNIO,
1268 1099 1499 1147 FRATRI,

718 1259 871 1294 DAVID
895 1258 1092 1298 HUMIUS‚
1116 1258 1150 1294 S.
1166 1258 1207 1293 D.

260 1429 346 1465 Non
380 1436 497 1477 putem
521 1442 608 1477 opus
635 1429 713 1470 effe,
739 1428 938 1464 nobiliffime
964 1428 1233 1476 chariffimeque,
1262 1433 1299 1462 ut
1325 1427 1492 1462 rationem
1519 1426 1671 1467 reddam,

261 1512 320 1534 cur
337 1499 505 1547 majorum
524 1511 577 1534 res
596 1498 761 1533 memoria
779 1499 976 1533 consecrare
996 1497 1176 1545 cogitarim
1196 1496 1394 1544 aliquando,
1414 1502 1473 1531 aut
1500 1495 1605 1531 etiam
1623 1508 1674 1530 or-

261 1569 314 1603 sus
334 1568 414 1611 fim3
435 1568 500 1603 hoc
519 1567 713 1609 dicendum,
735 1580 794 1602 cur
812 1567 1010 1602 destiterim.
1052 1566 1135 1601 Erat
1155 1565 1238 1600 iliud
1257 1566 1342 1601 recti
1361 1571 1396 1600 et
1415 1565 1513 1613 recta
1530 1564 1675 1600 volentis

263 1638 377 1679 animi,
406 1637 471 1672 hoc
498 1637 734 1672 inconstantiae
753 1642 812 1671 aut
839 1636 1061 1684 negligentiae
1080 1635 1185 1670 videri
1214 1634 1335 1682 poffit:
1362 1646 1445 1682 ergo
1464 1633 1676 1673 diluendum,

262 1707 320 1742 sed
338 1707 457 1755 paucis
471 1706 582 1741 verbis
596 1706 778 1754 defungar.
826 1705 921 1741 Senfi
940 1705 973 1740 id
989 1706 1059 1752 agi,
1079 1705 1133 1752 alij
1151 1704 1356 1740 meditatum
1370 1704 1444 1751 jam
1459 1716 1558 1752 opus,
1573 1703 1678 1738 etiam

264 1777 462 1824 congestam
481 1776 671 1817 materiam,
692 1777 779 1811 forte
798 1781 832 1810 et
855 1775 953 1822 jacta
980 1775 1217 1816 fundamenta,
1239 1780 1273 1809 et
1297 1774 1434 1822 surgere
1462 1773 1679 1821 aliquatenus

265 1846 458 1887 aedificium,
472 1859 515 1881 ne
528 1852 598 1881 tam
613 1846 749 1894 iniquus
763 1845 832 1887 fim,
847 1851 884 1880 ut
899 1857 1066 1892 occupem
1078 1844 1167 1880 hanc
1181 1845 1374 1892 gloriolam,
1390 1850 1449 1880 aut
1463 1843 1680 1892 quantulam—

268 1927 402 1962 cunque
421 1915 582 1962 cuiquam
601 1915 806 1962 praeripiam.
859 1913 986 1949 Juvero
1013 1914 1138 1961 potius,
1159 1926 1228 1962 qua
1255 1914 1384 1962 poffim,
1404 1914 1681 1960 excitaveroque,

269 1990 303 2019 et
321 1984 476 2031 quamvis
502 1984 697 2031 properanti
716 1984 868 2019 stimulos
887 1983 1064 2019 addidero.
1117 1982 1232 2019 Nimis
1250 1984 1353 2026 lente,
1374 1984 1498 2024 fatear,
1512 1982 1593 2017 mihi
1609 1982 1681 2030 agit

270 2052 362 2100 quod
380 2065 447 2087 non
466 2054 610 2100 peregit.
666 2053 737 2088 Sed
755 2060 789 2088 et
809 2066 870 2088 vos
890 2066 959 2088 una
978 2053 1182 2088 adhortandi
1199 2066 1241 2088 ne
1260 2054 1362 2089 vobis
1381 2052 1518 2096 defitis3
1538 2053 1683 2087 multum

270 2123 302 2156 in
316 2121 423 2156 vestra
435 2133 538 2156 manu
551 2122 695 2169 pofitum
710 2122 768 2164 est,
784 2135 889 2170 penes
902 2135 961 2157 vos
974 2128 1197 2157 monumenta
1209 2135 1320 2157 rerum
1333 2128 1366 2157 et
1379 2122 1502 2169 scripta
1520 2122 1606 2161 sunt,
1623 2133 1685 2155 nec

272 2191 327 2225 ille
347 2190 483 2225 aliunde
502 2191 677 2225 veritatem
694 2192 829 2226 eruerit.
876 2191 1095 2226 Excutienda
1109 2191 1182 2227 haec
1196 2192 1293 2226 vobis
1314 2192 1428 2239 [sunt3
1449 2189 1687 2238 con]gerenda

275 2258 561 2307 suggerendaque
580 2260 697 2307 opifici
723 2261 893 2303 materies,
914 2260 936 2296 fi
956 2261 1038 2308 quid
1063 2261 1106 2296 ab
1125 2261 1182 2296 illo
1206 2260 1420 2308 egregi[urn]
1450 2259 1618 2307 expetitis,
1647 2270 1688 2293 eo

1449 2330 1470 2352 A
