1922 2767
1207 61 1234 90 a?

274 278 315 310 18
713 274 780 310 DE
809 273 1025 310 FAMILIA
1054 273 1226 309 HUMIA

274 388 340 423 que
358 377 416 424 qui
435 382 553 412 contra
569 376 732 412 steterant
752 377 886 424 Anglis,
912 376 1003 411 omni
1032 389 1138 424 opera
1164 389 1242 412 cum
1273 375 1412 418 Humio‚
1441 381 1473 411 et
1503 375 1678 410 Huntilaeo

275 435 410 476 comite,
438 435 492 470 cui
511 434 665 482 adjuncti
691 440 798 477 erant,
826 435 897 482 egit
923 441 960 469 ut
987 434 1155 470 laboranti
1186 435 1289 482 regiae
1319 434 1404 470 aciei
1435 434 1676 469 succurrerent.

276 492 405 528 Verum
423 506 500 528 cum
518 493 721 541 persuadere
739 505 807 527 non
835 492 953 540 posset,
975 505 1038 527 ceu
1058 492 1236 539 deplorata
1258 492 1331 539 jam
1356 505 1401 534 re,
1430 492 1499 539 ipse
1526 504 1603 527 cum
1621 491 1679 525 sua

276 558 386 586 turma
405 564 446 586 eo
465 557 636 599 properat,
657 557 691 586 et
708 563 787 586 cum
806 551 888 585 nihil
907 551 998 585 aliud
1017 551 1134 598 pofl'et,
1151 550 1215 585 hoc
1233 550 1311 584 fidei
1327 557 1359 585 et
1374 550 1497 585 amoris
1512 551 1543 584 in
1559 549 1679 597 princi-

277 622 355 657 pem
373 610 543 657 specimen
563 609 668 649 dedit,
688 615 724 644 ut
743 622 811 643 una
830 610 970 656 egregie
989 621 1155 656 pugnans,
1173 621 1249 644 cum
1267 608 1421 655 Georgio
1435 608 1578 643 filiorum
1597 613 1679 642 natu

277 669 438 711 maximo,
460 668 619 709 caderet3
638 668 681 703 de
700 680 768 715 quo
786 667 830 702 fic
848 668 923 702 suos
942 667 1120 715 alloquens
1138 667 1382 702 introducitur:

495 784 585 827 Huc,
605 784 684 825 huc,
706 784 738 820 O
758 784 850 824 socii,
869 784 1022 819 victricia
1039 784 1159 819 vertite
1178 784 1282 831 signa,

543 843 621 878 Hac
639 843 754 885 decus,
775 849 807 878 et
825 843 942 882 virtus,
960 843 1025 877 hac
1044 843 1154 890 patria
1173 843 1241 877 alta
1259 848 1369 877 vocat.

496 902 561 936 Per
579 914 649 941 vos,
668 913 728 948 per
746 901 893 941 dextras,
912 907 945 936 et
963 913 1071 948 nuper
1089 901 1189 935 fortia
1207 901 1312 942 facta,

546 960 621 1002 Per,
641 959 664 994 fi
683 972 752 1006 qua
770 959 827 1001 est,
848 959 1000 993 sanctam
1020 959 1158 1006 regibus
1176 960 1281 1006 usque
1300 959 1411 1000 fidem,

500 1017 662 1065 Rumpite
681 1024 715 1052 et
732 1017 822 1052 hanc
840 1017 960 1057 aciem,
976 1017 1173 1064 mediasque
1192 1018 1350 1052 incurrite
1365 1024 1516 1059 turmas;

545 1077 624 1117 Quo
642 1076 760 1122 fugis?
790 1075 844 1110 hic
859 1087 965 1117 arma,
986 1075 1040 1110 hic
1059 1075 1188 1110 hostica
1206 1075 1301 1123 figna
1319 1075 1418 1115 vide;

496 1134 668 1182 Linquere
687 1137 773 1168 men'
793 1133 936 1181 potuisse
954 1139 1108 1168 ruentem
1128 1134 1160 1168 in
1180 1134 1298 1180 proelia
1316 1146 1444 1180 regem,

546 1193 578 1228 O
596 1193 744 1240 genitor,
762 1192 855 1226 nulla
874 1192 946 1226 haec
964 1192 1103 1226 nunciet
1122 1192 1240 1226 umbra
1258 1192 1332 1226 tibi.

498 1251 678 1286 Debueras
693 1251 859 1298 superesse
878 1256 992 1285 tamen
1010 1250 1104 1290 mihi,
1123 1256 1225 1292 nate3
1245 1251 1329 1285 mori
1348 1250 1412 1285 stat

548 1309 627 1344 Una
645 1323 653 1350 ;
672 1309 763 1344 haud
782 1309 954 1343 invideam
972 1308 1047 1351 hoc,
1063 1308 1135 1356 jam
1155 1308 1214 1343 tibi
1233 1309 1287 1343 via
1305 1309 1452 1344 doleam.

286 1424 410 1460 Fuerat
437 1430 551 1459 autem
577 1424 632 1459 hic
653 1423 826 1471 Georgius
852 1424 1009 1458 maximae
1037 1423 1286 1470 expectationis
1311 1423 1459 1470 juvenis,
1478 1435 1580 1470 quern
1609 1435 1684 1458 cum

285 1490 390 1530 pater,
404 1483 448 1518 ob
461 1483 607 1518 incertos
622 1482 701 1517 belli
717 1483 823 1524 casus,
836 1495 879 1517 ne
894 1489 1037 1529 uterque
1056 1482 1180 1529 pariter
1193 1482 1379 1529 periculum
1395 1481 1530 1521 subiret,
1545 1481 1684 1516 domum

285 1541 467 1582 remisisset,
486 1541 613 1588 illeque
632 1541 719 1576 inter
743 1540 954 1575 redeundum
981 1540 1023 1575 ad
1045 1540 1279 1575 Caldstremiae
1305 1540 1499 1574 coenobium
1518 1545 1552 1574 et
1570 1552 1685 1574 mona-

285 1602 424 1636 charum
450 1600 645 1647 primariam
680 1600 890 1634 familiariter
925 1598 1118 1639 divertisset,
1153 1599 1273 1633 mulier
1295 1598 1417 1633 insulsa
1439 1598 1557 1645 juveni
1583 1610 1685 1645 pavo-

286 1672 356 1694 rem
375 1658 577 1706 exprobrat;
605 1670 674 1705 quo
699 1658 755 1692 ille
773 1657 955 1704 opprobrio
974 1663 1174 1699 commotus,
1204 1657 1247 1692 ad
1265 1663 1396 1704 patrem
1414 1669 1557 1704 propere
1587 1656 1685 1696 redit,

287 1730 350 1752 nec
366 1716 568 1764 persuadere
586 1716 698 1763 potuit
716 1721 752 1750 ut
771 1715 905 1750 rediret.
958 1714 1004 1749 Et
1022 1715 1094 1750 haec
1113 1715 1155 1750 de
1174 1715 1270 1750 bellis
1288 1715 1457 1757 externis3
1485 1715 1686 1750 domesticos

289 1776 391 1810 etiam
410 1774 574 1809 tumultus
592 1773 703 1820 pafl'us
723 1773 782 1808 est.
835 1773 928 1808 Nam
955 1773 997 1808 de
1018 1773 1223 1814 Thurstono,
1251 1785 1352 1820 quem
1382 1773 1451 1820 ipse
1480 1779 1513 1808 et
1540 1773 1687 1819 majores

289 1833 511 1880 possederant,
540 1832 659 1866 Vallas
690 1837 804 1866 autem
836 1831 984 1878 Cragius
1014 1831 1179 1866 Coilanus
1204 1831 1312 1866 haeres
1339 1837 1422 1873 erat,
1450 1843 1537 1878 pene
1559 1830 1687 1877 justum

290 1892 415 1927 bellum
444 1890 548 1938 geffit,
569 1889 710 1925 incensis
734 1890 824 1929 villa,
843 1902 933 1929 arce,
952 1890 1157 1932 molendino,
1179 1889 1311 1925 abactis
1334 1889 1525 1936 pecoribus,
1544 1897 1577 1924 et
1593 1896 1685 1924 metu

292 1949 536 1985 aedificantibus
554 1948 692 1995 injecto,
712 1948 847 1982 nemine
866 1954 992 1990 tamen,
1012 1949 1104 1995 quod
1123 1948 1337 1983 meminerint
1355 1948 1520 1987 homines,
1539 1954 1598 1982 aut
1616 1960 1686 1983 mo-

291 2014 454 2043 numenta
471 2012 672 2047 memorant,
691 2007 787 2046 caeso,
807 2012 843 2040 ut
861 2012 985 2041 terrere
1003 2007 1114 2053 magis
1132 2006 1281 2046 voluisse,
1300 2018 1403 2053 quam
1422 2006 1578 2041 occidere
1597 2006 1686 2041 vide-

292 2073 377 2102 atur.
433 2066 512 2100 Scio
529 2070 642 2100 tamen
663 2077 764 2111 quam
783 2064 848 2099 hoc
866 2064 972 2111 ipsum
988 2065 1186 2099 invidiosum
1202 2064 1250 2104 fit,
1266 2070 1297 2099 et
1318 2070 1505 2111 quamtum
1525 2065 1595 2107 iste,
1615 2071 1687 2099 tum

292 2125 426 2172 posteri,
444 2123 532 2158 male
550 2123 720 2157 nonnullis
737 2122 802 2158 hoc
819 2123 958 2158 nomine
977 2123 1202 2170 excipiantur.
1257 2122 1302 2157 Et
1329 2123 1377 2158 est
1394 2123 1473 2158 sane
1498 2123 1614 2170 legum
1639 2124 1687 2157 sa-

293 2182 468 2218 crosan&a
487 2182 682 2221 auctoritas,
700 2193 764 2216 nec
782 2180 979 2215 temeranda
997 2181 1135 2228 quidem
1150 2195 1158 2224 ;
1186 2181 1242 2216 sed
1261 2181 1309 2216 est
1327 2187 1360 2216 et
1379 2187 1569 2229 temporum
1587 2188 1621 2217 et
1639 2195 1686 2216 re-

294 2254 366 2276 rum
380 2240 565 2282 discrimen,
586 2239 634 2274 est
660 2251 737 2274 cum
763 2239 870 2274 audiri
899 2239 1015 2287 legum
1043 2252 1106 2274 vox
1136 2252 1203 2274 non
1236 2240 1341 2286 point,
1362 2240 1408 2274 est
1437 2252 1514 2275 cum
1536 2240 1686 2287 iniquum

290 2300 420 2347 jubeat,
441 2304 474 2333 et
488 2298 544 2345 jus
562 2298 668 2345 ipsum
687 2297 807 2344 injuria
825 2297 874 2333 fit.
928 2298 1016 2346 Ego,
1038 2310 1106 2345 quo
1124 2298 1222 2346 titulo
1241 2298 1442 2346 potiflimum
1461 2299 1558 2334 nixus
1576 2299 1687 2340 fuerit,
