<?xml version="1.0" encoding="UTF-8"?>
<!DOCTYPE html PUBLIC "-//W3C//DTD XHTML 1.0 Transitional//EN"
    "http://www.w3.org/TR/xhtml1/DTD/xhtml1-transitional.dtd">
<html xmlns="http://www.w3.org/1999/xhtml" xml:lang="en" lang="en">
 <head>
  <title>
</title>
<meta http-equiv="Content-Type" content="text/html;charset=utf-8" />
  <meta name='ocr-system' content='tesseract 3.04.00' />
  <meta name='ocr-capabilities' content='ocr_page ocr_carea ocr_par ocr_line ocrx_word'/>
</head>
<body>
  <div class='ocr_page' id='page_1' title='image "./davidishumiidefa00abbo_0033.png"; bbox 0 0 1922 2767; ppageno 0'>
   <div class='ocr_carea' id='block_1_1' title="bbox 703 268 1651 306">
    <p class='ocr_par' dir='ltr' id='par_1_1' title="bbox 703 268 1651 306">
     <span class='ocr_line' id='line_1_1' title="bbox 703 268 1651 306; baseline 0.001 -1"><span class='ocrx_word' id='word_1_1' title='bbox 703 268 1215 306; x_wconf 81' lang='lat' dir='ltr'>WEDDERBURNENSI.</span> <span class='ocrx_word' id='word_1_2' title='bbox 1613 275 1651 306; x_wconf 93' lang='lat' dir='ltr'>ll</span> 
     </span>
    </p>
   </div>
   <div class='ocr_carea' id='block_1_2' title="bbox 241 374 1658 713">
    <p class='ocr_par' dir='ltr' id='par_1_2' title="bbox 241 374 1658 713">
     <span class='ocr_line' id='line_1_2' title="bbox 242 374 1653 424; baseline -0.001 -13"><span class='ocrx_word' id='word_1_3' title='bbox 242 377 366 418; x_wconf 84' lang='lat' dir='ltr'>billam,</span> <span class='ocrx_word' id='word_1_4' title='bbox 387 388 491 424; x_wconf 87' lang='lat' dir='ltr'>quam</span> <span class='ocrx_word' id='word_1_5' title='bbox 512 376 686 423; x_wconf 80' lang='lat' dir='ltr'>Georgius</span> <span class='ocrx_word' id='word_1_6' title='bbox 703 375 854 410; x_wconf 89' lang='lat' dir='ltr'>Henrico</span> <span class='ocrx_word' id='word_1_7' title='bbox 872 375 1000 410; x_wconf 85' lang='lat' dir='ltr'>Hetleo</span> <span class='ocrx_word' id='word_1_8' title='bbox 1016 374 1239 410; x_wconf 89' lang='lat' dir='ltr'>Mellerstono</span> <span class='ocrx_word' id='word_1_9' title='bbox 1254 376 1446 417; x_wconf 74' lang='lat' dir='ltr'>collocavit,</span> <span class='ocrx_word' id='word_1_10' title='bbox 1463 375 1557 411; x_wconf 62' lang='lat' dir='ltr'>dicta</span> <span class='ocrx_word' id='word_1_11' title='bbox 1573 376 1653 411; x_wconf 83' lang='lat' dir='ltr'>dote</span> 
     </span>
     <span class='ocr_line' id='line_1_3' title="bbox 241 434 1657 482; baseline -0.001 -12"><span class='ocrx_word' id='word_1_12' title='bbox 241 436 466 470; x_wconf 87' lang='lat' dir='ltr'>ducentarum</span> <span class='ocrx_word' id='word_1_13' title='bbox 478 434 686 476; x_wconf 87' lang='lat' dir='ltr'>Marcarum,</span> <span class='ocrx_word' id='word_1_14' title='bbox 701 447 778 482; x_wconf 83' lang='lat' dir='ltr'>quae</span> <span class='ocrx_word' id='word_1_15' title='bbox 791 435 921 469; x_wconf 87' lang='lat' dir='ltr'>summa</span> <span class='ocrx_word' id='word_1_16' title='bbox 933 434 979 469; x_wconf 85' lang='lat' dir='ltr'>ita</span> <span class='ocrx_word' id='word_1_17' title='bbox 993 434 1188 474; x_wconf 81' lang='lat' dir='ltr'>solveretur,</span> <span class='ocrx_word' id='word_1_18' title='bbox 1201 440 1236 469; x_wconf 90' lang='lat' dir='ltr'>ut</span> <span class='ocrx_word' id='word_1_19' title='bbox 1248 434 1387 481; x_wconf 89' lang='lat' dir='ltr'>fingulis</span> <span class='ocrx_word' id='word_1_20' title='bbox 1400 435 1478 469; x_wconf 82' lang='lat' dir='ltr'>anni</span> <span class='ocrx_word' id='word_1_21' title='bbox 1493 435 1657 474; x_wconf 86' lang='lat' dir='ltr'>terminis,</span> 
     </span>
     <span class='ocr_line' id='line_1_4' title="bbox 241 492 1658 541; baseline -0.001 -13"><span class='ocrx_word' id='word_1_22' title='bbox 241 506 328 541; x_wconf 87' lang='lat' dir='ltr'>quos</span> <span class='ocrx_word' id='word_1_23' title='bbox 346 499 480 536; x_wconf 85' lang='lat' dir='ltr'>vocant,</span> <span class='ocrx_word' id='word_1_24' title='bbox 502 493 620 541; x_wconf 81' lang='lat' dir='ltr'>viginti</span> <span class='ocrx_word' id='word_1_25' title='bbox 642 493 772 528; x_wconf 85' lang='lat' dir='ltr'>Marcae</span> <span class='ocrx_word' id='word_1_26' title='bbox 797 493 968 528; x_wconf 82' lang='lat' dir='ltr'>darentur.</span> <span class='ocrx_word' id='word_1_27' title='bbox 1025 492 1204 540; x_wconf 89' lang='lat' dir='ltr'>Spondent</span> <span class='ocrx_word' id='word_1_28' title='bbox 1223 505 1284 540; x_wconf 90' lang='lat' dir='ltr'>pro</span> <span class='ocrx_word' id='word_1_29' title='bbox 1303 505 1344 527; x_wconf 86' lang='lat' dir='ltr'>ea</span> <span class='ocrx_word' id='word_1_30' title='bbox 1367 492 1564 527; x_wconf 81' lang='lat' dir='ltr'>Alexander</span> <span class='ocrx_word' id='word_1_31' title='bbox 1584 492 1658 526; x_wconf 93' lang='lat' dir='ltr'>Hu-</span> 
     </span>
     <span class='ocr_line' id='line_1_5' title="bbox 241 550 1657 600; baseline -0.002 -12"><span class='ocrx_word' id='word_1_32' title='bbox 241 554 329 588; x_wconf 86' lang='lat' dir='ltr'>mius</span> <span class='ocrx_word' id='word_1_33' title='bbox 347 552 389 588; x_wconf 88' lang='lat' dir='ltr'>de</span> <span class='ocrx_word' id='word_1_34' title='bbox 408 553 541 594; x_wconf 82' lang='lat' dir='ltr'>eodem,</span> <span class='ocrx_word' id='word_1_35' title='bbox 565 552 739 600; x_wconf 82' lang='lat' dir='ltr'>Georgius</span> <span class='ocrx_word' id='word_1_36' title='bbox 761 551 1080 593; x_wconf 75' lang='lat' dir='ltr'>Wedderburnius3</span> <span class='ocrx_word' id='word_1_37' title='bbox 1109 563 1170 598; x_wconf 92' lang='lat' dir='ltr'>pro</span> <span class='ocrx_word' id='word_1_38' title='bbox 1192 552 1320 586; x_wconf 85' lang='lat' dir='ltr'>summa</span> <span class='ocrx_word' id='word_1_39' title='bbox 1341 551 1516 599; x_wconf 80' lang='lat' dir='ltr'>Georgius</span> <span class='ocrx_word' id='word_1_40' title='bbox 1542 550 1657 586; x_wconf 83' lang='lat' dir='ltr'>Carus</span> 
     </span>
     <span class='ocr_line' id='line_1_6' title="bbox 246 609 1658 659; baseline -0.002 -12"><span class='ocrx_word' id='word_1_41' title='bbox 246 612 481 654; x_wconf 86' lang='lat' dir='ltr'>Samilstonus,</span> <span class='ocrx_word' id='word_1_42' title='bbox 500 611 667 659; x_wconf 86' lang='lat' dir='ltr'>Magister</span> <span class='ocrx_word' id='word_1_43' title='bbox 683 611 857 657; x_wconf 84' lang='lat' dir='ltr'>Georgius</span> <span class='ocrx_word' id='word_1_44' title='bbox 879 610 1108 652; x_wconf 82' lang='lat' dir='ltr'>Carmichael,</span> <span class='ocrx_word' id='word_1_45' title='bbox 1127 609 1291 658; x_wconf 83' lang='lat' dir='ltr'>Glasguae</span> <span class='ocrx_word' id='word_1_46' title='bbox 1304 609 1552 650; x_wconf 87' lang='lat' dir='ltr'>thesaurarius;</span> <span class='ocrx_word' id='word_1_47' title='bbox 1572 610 1658 644; x_wconf 86' lang='lat' dir='ltr'>forte</span> 
     </span>
     <span class='ocr_line' id='line_1_7' title="bbox 243 669 1015 713; baseline -0.003 -7"><span class='ocrx_word' id='word_1_48' title='bbox 243 671 298 707; x_wconf 81' lang='lat' dir='ltr'>hic</span> <span class='ocrx_word' id='word_1_49' title='bbox 317 672 505 707; x_wconf 87' lang='lat' dir='ltr'>avunculus</span> <span class='ocrx_word' id='word_1_50' title='bbox 523 677 605 713; x_wconf 84' lang='lat' dir='ltr'>erat,</span> <span class='ocrx_word' id='word_1_51' title='bbox 626 676 663 705; x_wconf 88' lang='lat' dir='ltr'>ut</span> <span class='ocrx_word' id='word_1_52' title='bbox 681 676 715 705; x_wconf 92' lang='lat' dir='ltr'>et</span> <span class='ocrx_word' id='word_1_53' title='bbox 737 669 847 705; x_wconf 88' lang='lat' dir='ltr'>Carus</span> <span class='ocrx_word' id='word_1_54' title='bbox 865 670 1015 704; x_wconf 82' lang='lat' dir='ltr'>vitricus.</span> 
     </span>
    </p>
   </div>
   <div class='ocr_carea' id='block_1_3' title="bbox 737 857 1159 881">
    <p class='ocr_par' dir='ltr' id='par_1_3' title="bbox 737 857 1159 881">
     <span class='ocr_line' id='line_1_8' title="bbox 737 857 1159 881; baseline 0 -1"><span class='ocrx_word' id='word_1_55' title='bbox 737 857 789 881; x_wconf 92' lang='lat'>111.</span> <span class='ocrx_word' id='word_1_56' title='bbox 812 857 997 881; x_wconf 88' lang='lat' dir='ltr'>GEORGIUS</span> <span class='ocrx_word' id='word_1_57' title='bbox 1016 857 1159 880; x_wconf 82' lang='lat' dir='ltr'><strong>PRIMUS.</strong></span> 
     </span>
    </p>
   </div>
   <div class='ocr_carea' id='block_1_4' title="bbox 244 957 1671 2359">
    <p class='ocr_par' dir='ltr' id='par_1_4' title="bbox 244 957 1671 2359">
     <span class='ocr_line' id='line_1_9' title="bbox 248 957 1659 1005; baseline -0.002 -11"><span class='ocrx_word' id='word_1_58' title='bbox 248 960 496 995; x_wconf 68' lang='lat' dir='ltr'>Soccnssrssn</span> <span class='ocrx_word' id='word_1_59' title='bbox 525 958 580 994; x_wconf 88' lang='lat' dir='ltr'>hic</span> <span class='ocrx_word' id='word_1_60' title='bbox 609 958 756 994; x_wconf 90' lang='lat' dir='ltr'>creditur</span> <span class='ocrx_word' id='word_1_61' title='bbox 775 957 904 993; x_wconf 80' lang='lat' dir='ltr'>Davidi</span> <span class='ocrx_word' id='word_1_62' title='bbox 930 970 1005 998; x_wconf 84' lang='lat' dir='ltr'>avo,</span> <span class='ocrx_word' id='word_1_63' title='bbox 1034 957 1139 1005; x_wconf 90' lang='lat' dir='ltr'>idque</span> <span class='ocrx_word' id='word_1_64' title='bbox 1165 957 1300 992; x_wconf 83' lang='lat' dir='ltr'>necess&#39;e</span> <span class='ocrx_word' id='word_1_65' title='bbox 1331 957 1391 997; x_wconf 88' lang='lat' dir='ltr'>est,</span> <span class='ocrx_word' id='word_1_66' title='bbox 1420 957 1485 992; x_wconf 84' lang='lat' dir='ltr'>five</span> <span class='ocrx_word' id='word_1_67' title='bbox 1513 957 1659 1004; x_wconf 86' lang='lat' dir='ltr'>primurn</span> 
     </span>
     <span class='ocr_line' id='line_1_10' title="bbox 244 1015 1660 1066; baseline -0.003 -13"><span class='ocrx_word' id='word_1_68' title='bbox 244 1024 415 1066; x_wconf 88' lang='lat' dir='ltr'>putemus,</span> <span class='ocrx_word' id='word_1_69' title='bbox 435 1017 501 1053; x_wconf 81' lang='lat' dir='ltr'>five</span> <span class='ocrx_word' id='word_1_70' title='bbox 519 1017 706 1053; x_wconf 88' lang='lat' dir='ltr'>secundum</span> <span class='ocrx_word' id='word_1_71' title='bbox 724 1023 761 1052; x_wconf 89' lang='lat' dir='ltr'>ut</span> <span class='ocrx_word' id='word_1_72' title='bbox 781 1016 948 1052; x_wconf 83' lang='lat' dir='ltr'>diximus:</span> <span class='ocrx_word' id='word_1_73' title='bbox 975 1016 1012 1050; x_wconf 82' lang='lat' dir='ltr'>fit</span> <span class='ocrx_word' id='word_1_74' title='bbox 1040 1022 1156 1051; x_wconf 86' lang='lat' dir='ltr'>autem</span> <span class='ocrx_word' id='word_1_75' title='bbox 1183 1016 1257 1063; x_wconf 86' lang='lat' dir='ltr'>ejus</span> <span class='ocrx_word' id='word_1_76' title='bbox 1285 1016 1394 1063; x_wconf 85' lang='lat' dir='ltr'>prima</span> <span class='ocrx_word' id='word_1_77' title='bbox 1419 1015 1549 1050; x_wconf 85' lang='lat' dir='ltr'>mentio</span> <span class='ocrx_word' id='word_1_78' title='bbox 1569 1027 1660 1049; x_wconf 87' lang='lat' dir='ltr'>anno</span> 
     </span>
     <span class='ocr_line' id='line_1_11' title="bbox 244 1074 1662 1123; baseline -0.003 -11"><span class='ocrx_word' id='word_1_79' title='bbox 244 1089 428 1112; x_wconf 71' lang='lat' dir='ltr'>MCCCCLXI</span> <span class='ocrx_word' id='word_1_80' title='bbox 447 1077 480 1111; x_wconf 92' lang='lat' dir='ltr'>in</span> <span class='ocrx_word' id='word_1_81' title='bbox 499 1076 780 1123; x_wconf 83' lang='lat' dir='ltr'>Kimmergamiae</span> <span class='ocrx_word' id='word_1_82' title='bbox 795 1075 1036 1111; x_wconf 86' lang='lat' dir='ltr'>monumentis.</span> <span class='ocrx_word' id='word_1_83' title='bbox 1093 1074 1162 1110; x_wconf 87' lang='lat' dir='ltr'>Sed</span> <span class='ocrx_word' id='word_1_84' title='bbox 1181 1075 1290 1109; x_wconf 89' lang='lat' dir='ltr'>multo</span> <span class='ocrx_word' id='word_1_85' title='bbox 1304 1075 1378 1122; x_wconf 89' lang='lat' dir='ltr'>jam</span> <span class='ocrx_word' id='word_1_86' title='bbox 1398 1081 1502 1109; x_wconf 87' lang='lat' dir='ltr'>antea</span> <span class='ocrx_word' id='word_1_87' title='bbox 1517 1086 1662 1109; x_wconf 81' lang='lat' dir='ltr'>uxorem</span> 
     </span>
     <span class='ocr_line' id='line_1_12' title="bbox 246 1133 1661 1182; baseline -0.003 -11"><span class='ocrx_word' id='word_1_88' title='bbox 246 1136 391 1171; x_wconf 83' lang='lat' dir='ltr'>duxerat</span> <span class='ocrx_word' id='word_1_89' title='bbox 410 1135 598 1170; x_wconf 87' lang='lat' dir='ltr'>Mariotam</span> <span class='ocrx_word' id='word_1_90' title='bbox 628 1135 855 1182; x_wconf 82' lang='lat' dir='ltr'>Singolaram,</span> <span class='ocrx_word' id='word_1_91' title='bbox 877 1134 973 1181; x_wconf 85' lang='lat' dir='ltr'>cujus</span> <span class='ocrx_word' id='word_1_92' title='bbox 1001 1133 1106 1168; x_wconf 87' lang='lat' dir='ltr'>etiam</span> <span class='ocrx_word' id='word_1_93' title='bbox 1124 1134 1273 1168; x_wconf 88' lang='lat' dir='ltr'>sororem</span> <span class='ocrx_word' id='word_1_94' title='bbox 1293 1133 1533 1181; x_wconf 85' lang='lat' dir='ltr'>Margaretam</span> <span class='ocrx_word' id='word_1_95' title='bbox 1554 1133 1661 1167; x_wconf 87' lang='lat' dir='ltr'>Patri-</span> 
     </span>
     <span class='ocr_line' id='line_1_13' title="bbox 247 1192 1661 1240; baseline -0.003 -10"><span class='ocrx_word' id='word_1_96' title='bbox 247 1195 319 1230; x_wconf 83' lang='lat' dir='ltr'>cius</span> <span class='ocrx_word' id='word_1_97' title='bbox 337 1195 441 1230; x_wconf 91' lang='lat' dir='ltr'>frater</span> <span class='ocrx_word' id='word_1_98' title='bbox 459 1194 615 1229; x_wconf 84' lang='lat' dir='ltr'>duxerat.</span> <span class='ocrx_word' id='word_1_99' title='bbox 655 1194 765 1229; x_wconf 86' lang='lat' dir='ltr'>Fuere</span> <span class='ocrx_word' id='word_1_100' title='bbox 784 1193 836 1228; x_wconf 86' lang='lat' dir='ltr'>hae</span> <span class='ocrx_word' id='word_1_101' title='bbox 856 1192 1025 1228; x_wconf 87' lang='lat' dir='ltr'>Johannis</span> <span class='ocrx_word' id='word_1_102' title='bbox 1044 1192 1213 1239; x_wconf 85' lang='lat' dir='ltr'>Singclari</span> <span class='ocrx_word' id='word_1_103' title='bbox 1232 1192 1321 1233; x_wconf 86' lang='lat' dir='ltr'>filiae,</span> <span class='ocrx_word' id='word_1_104' title='bbox 1340 1192 1481 1240; x_wconf 86' lang='lat' dir='ltr'>ejusque</span> <span class='ocrx_word' id='word_1_105' title='bbox 1500 1192 1579 1227; x_wconf 83' lang='lat' dir='ltr'>solae</span> <span class='ocrx_word' id='word_1_106' title='bbox 1594 1192 1661 1226; x_wconf 80' lang='lat' dir='ltr'>hae-</span> 
     </span>
     <span class='ocr_line' id='line_1_14' title="bbox 249 1250 1660 1299; baseline -0.001 -11"><span class='ocrx_word' id='word_1_107' title='bbox 249 1253 360 1294; x_wconf 88' lang='lat' dir='ltr'>redes,</span> <span class='ocrx_word' id='word_1_108' title='bbox 379 1266 421 1288; x_wconf 80' lang='lat' dir='ltr'>ex</span> <span class='ocrx_word' id='word_1_109' title='bbox 439 1252 627 1288; x_wconf 86' lang='lat' dir='ltr'>Catharina</span> <span class='ocrx_word' id='word_1_110' title='bbox 648 1251 789 1294; x_wconf 84' lang='lat' dir='ltr'>Humia,</span> <span class='ocrx_word' id='word_1_111' title='bbox 808 1251 996 1286; x_wconf 86' lang='lat' dir='ltr'>Alexandri</span> <span class='ocrx_word' id='word_1_112' title='bbox 1016 1250 1136 1286; x_wconf 90' lang='lat' dir='ltr'>Humii</span> <span class='ocrx_word' id='word_1_113' title='bbox 1155 1252 1266 1286; x_wconf 90' lang='lat' dir='ltr'>sorore</span> <span class='ocrx_word' id='word_1_114' title='bbox 1285 1257 1476 1299; x_wconf 82' lang='lat' dir='ltr'>prognatae,</span> <span class='ocrx_word' id='word_1_115' title='bbox 1502 1250 1660 1298; x_wconf 83' lang='lat' dir='ltr'>adeoque</span> 
     </span>
     <span class='ocr_line' id='line_1_15' title="bbox 248 1309 1662 1358; baseline -0.002 -11"><span class='ocrx_word' id='word_1_116' title='bbox 248 1313 280 1347; x_wconf 92' lang='lat' dir='ltr'>in</span> <span class='ocrx_word' id='word_1_117' title='bbox 300 1318 411 1347; x_wconf 88' lang='lat' dir='ltr'>totum</span> <span class='ocrx_word' id='word_1_118' title='bbox 431 1311 650 1346; x_wconf 86' lang='lat' dir='ltr'>Hermestoni</span> <span class='ocrx_word' id='word_1_119' title='bbox 676 1310 929 1358; x_wconf 84' lang='lat' dir='ltr'>patrimonium,</span> <span class='ocrx_word' id='word_1_120' title='bbox 959 1310 1056 1357; x_wconf 88' lang='lat' dir='ltr'>cujus</span> <span class='ocrx_word' id='word_1_121' title='bbox 1082 1322 1201 1344; x_wconf 90' lang='lat' dir='ltr'>earum</span> <span class='ocrx_word' id='word_1_122' title='bbox 1228 1316 1325 1358; x_wconf 84' lang='lat' dir='ltr'>pater</span> <span class='ocrx_word' id='word_1_123' title='bbox 1352 1310 1527 1358; x_wconf 89' lang='lat' dir='ltr'>legitimus</span> <span class='ocrx_word' id='word_1_124' title='bbox 1554 1309 1662 1344; x_wconf 84' lang='lat' dir='ltr'>haeres</span> 
     </span>
     <span class='ocr_line' id='line_1_16' title="bbox 247 1368 1662 1418; baseline -0.002 -12"><span class='ocrx_word' id='word_1_125' title='bbox 247 1371 458 1418; x_wconf 83' lang='lat' dir='ltr'>fuerat‚jure</span> <span class='ocrx_word' id='word_1_126' title='bbox 474 1370 681 1405; x_wconf 80' lang='lat' dir='ltr'>success&#39;urae.</span> <span class='ocrx_word' id='word_1_127' title='bbox 723 1369 863 1412; x_wconf 86' lang='lat' dir='ltr'>Verum,</span> <span class='ocrx_word' id='word_1_128' title='bbox 881 1382 923 1404; x_wconf 89' lang='lat' dir='ltr'>eo</span> <span class='ocrx_word' id='word_1_129' title='bbox 938 1375 1083 1411; x_wconf 71' lang='lat' dir='ltr'>mortim,</span> <span class='ocrx_word' id='word_1_130' title='bbox 1100 1369 1292 1416; x_wconf 83' lang='lat' dir='ltr'>puellarum</span> <span class='ocrx_word' id='word_1_131' title='bbox 1308 1381 1400 1411; x_wconf 86' lang='lat' dir='ltr'>avus,</span> <span class='ocrx_word' id='word_1_132' title='bbox 1423 1368 1535 1404; x_wconf 85' lang='lat' dir='ltr'>adhuc</span> <span class='ocrx_word' id='word_1_133' title='bbox 1550 1369 1662 1415; x_wconf 87' lang='lat' dir='ltr'>super-</span> 
     </span>
     <span class='ocr_line' id='line_1_17' title="bbox 247 1427 1663 1476; baseline -0.004 -10"><span class='ocrx_word' id='word_1_134' title='bbox 247 1430 325 1471; x_wconf 74' lang='lat' dir='ltr'>steS,</span> <span class='ocrx_word' id='word_1_135' title='bbox 347 1430 523 1465; x_wconf 91' lang='lat' dir='ltr'>Gulielmo</span> <span class='ocrx_word' id='word_1_136' title='bbox 543 1429 638 1464; x_wconf 88' lang='lat' dir='ltr'>alteri</span> <span class='ocrx_word' id='word_1_137' title='bbox 666 1429 745 1471; x_wconf 89' lang='lat' dir='ltr'>filio,</span> <span class='ocrx_word' id='word_1_138' title='bbox 766 1428 931 1476; x_wconf 87' lang='lat' dir='ltr'>quicquid</span> <span class='ocrx_word' id='word_1_139' title='bbox 951 1428 1020 1475; x_wconf 90' lang='lat' dir='ltr'>ipse</span> <span class='ocrx_word' id='word_1_140' title='bbox 1043 1428 1129 1475; x_wconf 87' lang='lat' dir='ltr'>juris</span> <span class='ocrx_word' id='word_1_141' title='bbox 1158 1427 1288 1467; x_wconf 84' lang='lat' dir='ltr'>habuit,</span> <span class='ocrx_word' id='word_1_142' title='bbox 1308 1427 1459 1468; x_wconf 78' lang='lat' dir='ltr'>tradidit,</span> <span class='ocrx_word' id='word_1_143' title='bbox 1479 1440 1519 1462; x_wconf 86' lang='lat' dir='ltr'>ac</span> <span class='ocrx_word' id='word_1_144' title='bbox 1537 1427 1570 1461; x_wconf 89' lang='lat' dir='ltr'>in</span> <span class='ocrx_word' id='word_1_145' title='bbox 1590 1427 1663 1474; x_wconf 91' lang='lat' dir='ltr'>pos-</span> 
     </span>
     <span class='ocr_line' id='line_1_18' title="bbox 247 1486 1664 1534; baseline -0.003 -10"><span class='ocrx_word' id='word_1_146' title='bbox 247 1489 422 1524; x_wconf 85' lang='lat' dir='ltr'>seffionem</span> <span class='ocrx_word' id='word_1_147' title='bbox 441 1489 593 1524; x_wconf 89' lang='lat' dir='ltr'>omnium</span> <span class='ocrx_word' id='word_1_148' title='bbox 611 1494 788 1529; x_wconf 89' lang='lat' dir='ltr'>terrarum,</span> <span class='ocrx_word' id='word_1_149' title='bbox 809 1500 895 1534; x_wconf 86' lang='lat' dir='ltr'>quas</span> <span class='ocrx_word' id='word_1_150' title='bbox 914 1487 985 1534; x_wconf 89' lang='lat' dir='ltr'>ipse</span> <span class='ocrx_word' id='word_1_151' title='bbox 1014 1486 1126 1521; x_wconf 86' lang='lat' dir='ltr'>adhuc</span> <span class='ocrx_word' id='word_1_152' title='bbox 1154 1486 1354 1534; x_wconf 85' lang='lat' dir='ltr'>poffidebat‚</span> <span class='ocrx_word' id='word_1_153' title='bbox 1375 1486 1472 1526; x_wconf 84' lang='lat' dir='ltr'>misit,</span> <span class='ocrx_word' id='word_1_154' title='bbox 1492 1486 1664 1533; x_wconf 85' lang='lat' dir='ltr'>praecipue</span> 
     </span>
     <span class='ocr_line' id='line_1_19' title="bbox 248 1545 1664 1596; baseline -0.003 -13"><span class='ocrx_word' id='word_1_155' title='bbox 248 1561 325 1596; x_wconf 83' lang='lat' dir='ltr'>quae</span> <span class='ocrx_word' id='word_1_156' title='bbox 344 1549 377 1583; x_wconf 90' lang='lat' dir='ltr'>in</span> <span class='ocrx_word' id='word_1_157' title='bbox 396 1548 537 1595; x_wconf 87' lang='lat' dir='ltr'>regione</span> <span class='ocrx_word' id='word_1_158' title='bbox 558 1546 731 1582; x_wconf 82' lang='lat' dir='ltr'>Lothiana</span> <span class='ocrx_word' id='word_1_159' title='bbox 750 1552 859 1586; x_wconf 84' lang='lat' dir='ltr'>erant,</span> <span class='ocrx_word' id='word_1_160' title='bbox 878 1546 911 1580; x_wconf 87' lang='lat' dir='ltr'>in</span> <span class='ocrx_word' id='word_1_161' title='bbox 939 1558 1083 1593; x_wconf 88' lang='lat' dir='ltr'>quarum</span> <span class='ocrx_word' id='word_1_162' title='bbox 1113 1545 1345 1593; x_wconf 82' lang='lat' dir='ltr'>poffeffionem</span> <span class='ocrx_word' id='word_1_163' title='bbox 1364 1545 1451 1580; x_wconf 84' lang='lat' dir='ltr'>filius</span> <span class='ocrx_word' id='word_1_164' title='bbox 1478 1545 1664 1580; x_wconf 60' lang='lat' dir='ltr'>defunctus</span> 
     </span>
     <span class='ocr_line' id='line_1_20' title="bbox 249 1603 1665 1652; baseline -0.003 -10"><span class='ocrx_word' id='word_1_165' title='bbox 249 1620 316 1642; x_wconf 89' lang='lat' dir='ltr'>non</span> <span class='ocrx_word' id='word_1_166' title='bbox 335 1613 487 1642; x_wconf 77' lang='lat' dir='ltr'>venerat.</span> <span class='ocrx_word' id='word_1_167' title='bbox 542 1606 708 1645; x_wconf 77' lang='lat' dir='ltr'>Caeteras,</span> <span class='ocrx_word' id='word_1_168' title='bbox 729 1618 805 1652; x_wconf 81' lang='lat' dir='ltr'>quae</span> <span class='ocrx_word' id='word_1_169' title='bbox 828 1605 860 1639; x_wconf 90' lang='lat' dir='ltr'>in</span> <span class='ocrx_word' id='word_1_170' title='bbox 882 1604 1017 1639; x_wconf 84' lang='lat' dir='ltr'>Marcia</span> <span class='ocrx_word' id='word_1_171' title='bbox 1044 1604 1220 1652; x_wconf 85' lang='lat' dir='ltr'>provincia</span> <span class='ocrx_word' id='word_1_172' title='bbox 1239 1610 1348 1643; x_wconf 85' lang='lat' dir='ltr'>erant,</span> <span class='ocrx_word' id='word_1_173' title='bbox 1375 1603 1566 1651; x_wconf 82' lang='lat' dir='ltr'>puellarum</span> <span class='ocrx_word' id='word_1_174' title='bbox 1594 1616 1665 1638; x_wconf 89' lang='lat' dir='ltr'>ma-</span> 
     </span>
     <span class='ocr_line' id='line_1_21' title="bbox 248 1663 1662 1713; baseline -0.004 -11"><span class='ocrx_word' id='word_1_175' title='bbox 248 1667 301 1702; x_wconf 90' lang='lat' dir='ltr'>riti</span> <span class='ocrx_word' id='word_1_176' title='bbox 315 1667 400 1702; x_wconf 87' lang='lat' dir='ltr'>inter</span> <span class='ocrx_word' id='word_1_177' title='bbox 416 1666 448 1701; x_wconf 84' lang='lat' dir='ltr'>se</span> <span class='ocrx_word' id='word_1_178' title='bbox 463 1666 578 1713; x_wconf 90' lang='lat' dir='ltr'>partiti</span> <span class='ocrx_word' id='word_1_179' title='bbox 594 1666 668 1699; x_wconf 91' lang='lat' dir='ltr'>sunt</span> <span class='ocrx_word' id='word_1_180' title='bbox 685 1678 694 1706; x_wconf 80' lang='lat'>3</span> <span class='ocrx_word' id='word_1_181' title='bbox 711 1670 808 1699; x_wconf 82' lang='lat' dir='ltr'>tanta</span> <span class='ocrx_word' id='word_1_182' title='bbox 823 1663 952 1711; x_wconf 90' lang='lat' dir='ltr'>ubique</span> <span class='ocrx_word' id='word_1_183' title='bbox 967 1663 1216 1703; x_wconf 81' lang='lat' dir='ltr'>moderatione,</span> <span class='ocrx_word' id='word_1_184' title='bbox 1231 1668 1267 1697; x_wconf 89' lang='lat' dir='ltr'>ut</span> <span class='ocrx_word' id='word_1_185' title='bbox 1284 1663 1342 1710; x_wconf 89' lang='lat' dir='ltr'>qui</span> <span class='ocrx_word' id='word_1_186' title='bbox 1357 1663 1467 1697; x_wconf 87' lang='lat' dir='ltr'>minor</span> <span class='ocrx_word' id='word_1_187' title='bbox 1481 1668 1565 1697; x_wconf 89' lang='lat' dir='ltr'>natu</span> <span class='ocrx_word' id='word_1_188' title='bbox 1579 1669 1662 1704; x_wconf 83' lang='lat' dir='ltr'>erat,</span> 
     </span>
     <span class='ocr_line' id='line_1_22' title="bbox 249 1721 1665 1770; baseline -0.004 -9"><span class='ocrx_word' id='word_1_189' title='bbox 249 1733 283 1761; x_wconf 88' lang='lat' dir='ltr'>et</span> <span class='ocrx_word' id='word_1_190' title='bbox 297 1726 464 1760; x_wconf 86' lang='lat' dir='ltr'>minorem</span> <span class='ocrx_word' id='word_1_191' title='bbox 476 1725 623 1759; x_wconf 89' lang='lat' dir='ltr'>sororem</span> <span class='ocrx_word' id='word_1_192' title='bbox 638 1723 794 1763; x_wconf 81' lang='lat' dir='ltr'>duxerat,</span> <span class='ocrx_word' id='word_1_193' title='bbox 813 1723 981 1770; x_wconf 87' lang='lat' dir='ltr'>potiorem</span> <span class='ocrx_word' id='word_1_194' title='bbox 997 1722 1124 1770; x_wconf 89' lang='lat' dir='ltr'>ubique</span> <span class='ocrx_word' id='word_1_195' title='bbox 1143 1722 1334 1769; x_wconf 89' lang='lat' dir='ltr'>portionem</span> <span class='ocrx_word' id='word_1_196' title='bbox 1354 1721 1521 1768; x_wconf 83' lang='lat' dir='ltr'>accepiffe</span> <span class='ocrx_word' id='word_1_197' title='bbox 1534 1721 1665 1768; x_wconf 88' lang='lat' dir='ltr'>judice-</span> 
     </span>
     <span class='ocr_line' id='line_1_23' title="bbox 251 1780 1667 1828; baseline -0.004 -8"><span class='ocrx_word' id='word_1_198' title='bbox 251 1793 304 1820; x_wconf 89' lang='lat' dir='ltr'>tur</span> <span class='ocrx_word' id='word_1_199' title='bbox 320 1799 328 1827; x_wconf 81' lang='lat'>3</span> <span class='ocrx_word' id='word_1_200' title='bbox 349 1797 424 1819; x_wconf 91' lang='lat' dir='ltr'>raro</span> <span class='ocrx_word' id='word_1_201' title='bbox 440 1784 544 1819; x_wconf 88' lang='lat' dir='ltr'>etiam</span> <span class='ocrx_word' id='word_1_202' title='bbox 560 1783 686 1818; x_wconf 81' lang='lat' dir='ltr'>amoris</span> <span class='ocrx_word' id='word_1_203' title='bbox 700 1783 841 1817; x_wconf 83' lang='lat' dir='ltr'>fraterni</span> <span class='ocrx_word' id='word_1_204' title='bbox 857 1788 891 1816; x_wconf 87' lang='lat' dir='ltr'>et</span> <span class='ocrx_word' id='word_1_205' title='bbox 906 1782 1020 1817; x_wconf 88' lang='lat' dir='ltr'>sororii</span> <span class='ocrx_word' id='word_1_206' title='bbox 1036 1781 1206 1828; x_wconf 82' lang='lat' dir='ltr'>exemplo,</span> <span class='ocrx_word' id='word_1_207' title='bbox 1220 1792 1290 1816; x_wconf 85' lang='lat' dir='ltr'>una</span> <span class='ocrx_word' id='word_1_208' title='bbox 1306 1781 1338 1815; x_wconf 93' lang='lat' dir='ltr'>in</span> <span class='ocrx_word' id='word_1_209' title='bbox 1354 1780 1456 1815; x_wconf 90' lang='lat' dir='ltr'>domo</span> <span class='ocrx_word' id='word_1_210' title='bbox 1471 1780 1667 1815; x_wconf 67' lang='lat' dir='ltr'>octodecim</span> 
     </span>
     <span class='ocr_line' id='line_1_24' title="bbox 251 1838 1668 1888; baseline -0.004 -10"><span class='ocrx_word' id='word_1_211' title='bbox 251 1856 359 1878; x_wconf 84' lang='lat' dir='ltr'>annos</span> <span class='ocrx_word' id='word_1_212' title='bbox 377 1842 566 1878; x_wconf 82' lang='lat' dir='ltr'>concordes</span> <span class='ocrx_word' id='word_1_213' title='bbox 584 1841 782 1877; x_wconf 85' lang='lat' dir='ltr'>habitarunt</span> <span class='ocrx_word' id='word_1_214' title='bbox 799 1855 807 1883; x_wconf 75' lang='grc' dir='ltr'><strong>ς</strong></span> <span class='ocrx_word' id='word_1_215' title='bbox 837 1841 934 1888; x_wconf 82' lang='lat' dir='ltr'>cujus</span> <span class='ocrx_word' id='word_1_216' title='bbox 953 1846 988 1875; x_wconf 88' lang='lat' dir='ltr'>et</span> <span class='ocrx_word' id='word_1_217' title='bbox 1007 1839 1091 1875; x_wconf 89' lang='lat' dir='ltr'>illud</span> <span class='ocrx_word' id='word_1_218' title='bbox 1106 1845 1348 1887; x_wconf 87' lang='lat' dir='ltr'>argumentum</span> <span class='ocrx_word' id='word_1_219' title='bbox 1367 1839 1425 1881; x_wconf 88' lang='lat' dir='ltr'>est,</span> <span class='ocrx_word' id='word_1_220' title='bbox 1446 1838 1540 1886; x_wconf 88' lang='lat' dir='ltr'>quod</span> <span class='ocrx_word' id='word_1_221' title='bbox 1561 1839 1668 1874; x_wconf 83' lang='lat' dir='ltr'>Patri-</span> 
     </span>
     <span class='ocr_line' id='line_1_25' title="bbox 252 1897 1670 1949; baseline -0.004 -12"><span class='ocrx_word' id='word_1_222' title='bbox 252 1904 341 1938; x_wconf 88' lang='lat' dir='ltr'>cium</span> <span class='ocrx_word' id='word_1_223' title='bbox 359 1902 544 1949; x_wconf 80' lang='lat' dir='ltr'>Georgius,</span> <span class='ocrx_word' id='word_1_224' title='bbox 560 1901 634 1948; x_wconf 86' lang='lat' dir='ltr'>post</span> <span class='ocrx_word' id='word_1_225' title='bbox 649 1900 735 1935; x_wconf 91' lang='lat' dir='ltr'>filios</span> <span class='ocrx_word' id='word_1_226' title='bbox 751 1900 828 1935; x_wconf 89' lang='lat' dir='ltr'>suos</span> <span class='ocrx_word' id='word_1_227' title='bbox 842 1899 1011 1934; x_wconf 87' lang='lat' dir='ltr'>masculos</span> <span class='ocrx_word' id='word_1_228' title='bbox 1026 1898 1211 1934; x_wconf 88' lang='lat' dir='ltr'>secundum</span> <span class='ocrx_word' id='word_1_229' title='bbox 1226 1898 1398 1933; x_wconf 66' lang='lat' dir='ltr'>haeredem</span> <span class='ocrx_word' id='word_1_230' title='bbox 1413 1898 1580 1939; x_wconf 84' lang='lat' dir='ltr'>nominat,</span> <span class='ocrx_word' id='word_1_231' title='bbox 1595 1897 1670 1945; x_wconf 88' lang='lat' dir='ltr'>post</span> 
     </span>
     <span class='ocr_line' id='line_1_26' title="bbox 254 1957 1669 2004; baseline -0.004 -8"><span class='ocrx_word' id='word_1_232' title='bbox 254 1973 333 1996; x_wconf 90' lang='lat' dir='ltr'>eum</span> <span class='ocrx_word' id='word_1_233' title='bbox 364 1967 478 1996; x_wconf 84' lang='lat' dir='ltr'>autem</span> <span class='ocrx_word' id='word_1_234' title='bbox 503 1960 740 1995; x_wconf 84' lang='lat' dir='ltr'>Alexandrum</span> <span class='ocrx_word' id='word_1_235' title='bbox 767 1958 810 1994; x_wconf 93' lang='lat' dir='ltr'>de</span> <span class='ocrx_word' id='word_1_236' title='bbox 838 1958 974 1993; x_wconf 89' lang='lat' dir='ltr'>eodem.</span> <span class='ocrx_word' id='word_1_237' title='bbox 1028 1957 1085 1992; x_wconf 88' lang='lat' dir='ltr'>Ab</span> <span class='ocrx_word' id='word_1_238' title='bbox 1116 1957 1182 1993; x_wconf 88' lang='lat' dir='ltr'>hoe</span> <span class='ocrx_word' id='word_1_239' title='bbox 1215 1957 1366 1993; x_wconf 88' lang='lat' dir='ltr'>Patricio</span> <span class='ocrx_word' id='word_1_240' title='bbox 1394 1957 1558 1999; x_wconf 86' lang='lat' dir='ltr'>Poluarti,</span> <span class='ocrx_word' id='word_1_241' title='bbox 1592 1969 1669 2004; x_wconf 84' lang='lat' dir='ltr'>quae</span> 
     </span>
     <span class='ocr_line' id='line_1_27' title="bbox 254 2015 1670 2066; baseline -0.003 -12"><span class='ocrx_word' id='word_1_242' title='bbox 254 2032 345 2054; x_wconf 86' lang='lat' dir='ltr'>nunc</span> <span class='ocrx_word' id='word_1_243' title='bbox 363 2019 421 2061; x_wconf 89' lang='lat' dir='ltr'>est,</span> <span class='ocrx_word' id='word_1_244' title='bbox 450 2019 571 2054; x_wconf 89' lang='lat' dir='ltr'>domus</span> <span class='ocrx_word' id='word_1_245' title='bbox 590 2018 758 2066; x_wconf 89' lang='lat' dir='ltr'>originem</span> <span class='ocrx_word' id='word_1_246' title='bbox 778 2018 894 2057; x_wconf 80' lang='lat' dir='ltr'>duxit3</span> <span class='ocrx_word' id='word_1_247' title='bbox 923 2017 987 2052; x_wconf 83' lang='lat' dir='ltr'>fuit</span> <span class='ocrx_word' id='word_1_248' title='bbox 1007 2023 1122 2051; x_wconf 89' lang='lat' dir='ltr'>autem</span> <span class='ocrx_word' id='word_1_249' title='bbox 1149 2017 1181 2051; x_wconf 93' lang='lat' dir='ltr'>in</span> <span class='ocrx_word' id='word_1_250' title='bbox 1210 2016 1368 2064; x_wconf 90' lang='lat' dir='ltr'>flagranti</span> <span class='ocrx_word' id='word_1_251' title='bbox 1387 2015 1479 2063; x_wconf 89' lang='lat' dir='ltr'>apud</span> <span class='ocrx_word' id='word_1_252' title='bbox 1498 2015 1670 2051; x_wconf 87' lang='lat' dir='ltr'>Jacobum</span> 
     </span>
     <span class='ocr_line' id='line_1_28' title="bbox 255 2074 1669 2126; baseline -0.003 -14"><span class='ocrx_word' id='word_1_253' title='bbox 255 2083 413 2126; x_wconf 85' lang='lat' dir='ltr'>quartum</span> <span class='ocrx_word' id='word_1_254' title='bbox 425 2077 579 2125; x_wconf 84' lang='lat' dir='ltr'>[gratia‚]</span> <span class='ocrx_word' id='word_1_255' title='bbox 591 2078 643 2124; x_wconf 85' lang='lat' dir='ltr'>cuj</span> <span class='ocrx_word' id='word_1_256' title='bbox 650 2090 688 2112; x_wconf 87' lang='lat' dir='ltr'>us</span> <span class='ocrx_word' id='word_1_257' title='bbox 697 2076 843 2124; x_wconf 86' lang='lat' dir='ltr'>quaestor</span> <span class='ocrx_word' id='word_1_258' title='bbox 851 2076 976 2118; x_wconf 58' lang='lat' dir='ltr'>faetus,</span> <span class='ocrx_word' id='word_1_259' title='bbox 991 2076 1057 2110; x_wconf 91' lang='lat' dir='ltr'>ruri</span> <span class='ocrx_word' id='word_1_260' title='bbox 1069 2087 1173 2117; x_wconf 86' lang='lat' dir='ltr'>rarus,</span> <span class='ocrx_word' id='word_1_261' title='bbox 1183 2075 1311 2111; x_wconf 89' lang='lat' dir='ltr'>multus</span> <span class='ocrx_word' id='word_1_262' title='bbox 1323 2075 1356 2110; x_wconf 88' lang='lat' dir='ltr'>in</span> <span class='ocrx_word' id='word_1_263' title='bbox 1369 2075 1448 2110; x_wconf 86' lang='lat' dir='ltr'>aula</span> <span class='ocrx_word' id='word_1_264' title='bbox 1462 2074 1669 2109; x_wconf 80' lang='lat' dir='ltr'>versabatur.</span> 
     </span>
     <span class='ocr_line' id='line_1_29' title="bbox 257 2133 1670 2183; baseline -0.003 -12"><span class='ocrx_word' id='word_1_265' title='bbox 257 2137 432 2183; x_wconf 80' lang='lat' dir='ltr'>Georgius</span> <span class='ocrx_word' id='word_1_266' title='bbox 450 2137 483 2171; x_wconf 89' lang='lat' dir='ltr'>se</span> <span class='ocrx_word' id='word_1_267' title='bbox 503 2142 540 2170; x_wconf 83' lang='lat' dir='ltr'>ut</span> <span class='ocrx_word' id='word_1_268' title='bbox 558 2136 739 2183; x_wconf 88' lang='lat' dir='ltr'>plurimum</span> <span class='ocrx_word' id='word_1_269' title='bbox 759 2136 862 2177; x_wconf 90' lang='lat' dir='ltr'>domi,</span> <span class='ocrx_word' id='word_1_270' title='bbox 884 2141 918 2170; x_wconf 87' lang='lat' dir='ltr'>et</span> <span class='ocrx_word' id='word_1_271' title='bbox 933 2135 999 2170; x_wconf 87' lang='lat' dir='ltr'>suis</span> <span class='ocrx_word' id='word_1_272' title='bbox 1014 2135 1046 2169; x_wconf 91' lang='lat' dir='ltr'>in</span> <span class='ocrx_word' id='word_1_273' title='bbox 1066 2134 1201 2182; x_wconf 78' lang='lat' dir='ltr'>praediis</span> <span class='ocrx_word' id='word_1_274' title='bbox 1220 2133 1430 2175; x_wconf 87' lang='lat' dir='ltr'>continebat,</span> <span class='ocrx_word' id='word_1_275' title='bbox 1448 2140 1481 2168; x_wconf 90' lang='lat' dir='ltr'>et</span> <span class='ocrx_word' id='word_1_276' title='bbox 1502 2133 1670 2168; x_wconf 84' lang='lat' dir='ltr'>Merciarn</span> 
     </span>
     <span class='ocr_line' id='line_1_30' title="bbox 255 2190 1670 2244; baseline -0.005 -13"><span class='ocrx_word' id='word_1_277' title='bbox 255 2208 344 2244; x_wconf 85' lang='lat' dir='ltr'>pene</span> <span class='ocrx_word' id='word_1_278' title='bbox 363 2195 451 2230; x_wconf 84' lang='lat' dir='ltr'>solus</span> <span class='ocrx_word' id='word_1_279' title='bbox 475 2195 625 2229; x_wconf 78' lang='lat' dir='ltr'>maxima</span> <span class='ocrx_word' id='word_1_280' title='bbox 653 2195 860 2230; x_wconf 68' lang='lat' dir='ltr'>auctoritate</span> <span class='ocrx_word' id='word_1_281' title='bbox 889 2193 1079 2235; x_wconf 84' lang='lat' dir='ltr'>obtinebat,</span> <span class='ocrx_word' id='word_1_282' title='bbox 1110 2193 1310 2228; x_wconf 79' lang='lat' dir='ltr'>Alexandro</span> <span class='ocrx_word' id='word_1_283' title='bbox 1338 2192 1489 2240; x_wconf 87' lang='lat' dir='ltr'>principe</span> <span class='ocrx_word' id='word_1_284' title='bbox 1517 2191 1570 2225; x_wconf 88' lang='lat' dir='ltr'>vix</span> <span class='ocrx_word' id='word_1_285' title='bbox 1589 2190 1670 2225; x_wconf 92' lang='lat' dir='ltr'>dum</span> 
     </span>
     <span class='ocr_line' id='line_1_31' title="bbox 256 2249 1670 2301; baseline -0.004 -12"><span class='ocrx_word' id='word_1_286' title='bbox 256 2268 299 2291; x_wconf 82' lang='lat' dir='ltr'>ex</span> <span class='ocrx_word' id='word_1_287' title='bbox 311 2253 451 2301; x_wconf 81' lang='lat' dir='ltr'>ephebis</span> <span class='ocrx_word' id='word_1_288' title='bbox 468 2252 609 2300; x_wconf 80' lang='lat' dir='ltr'>egrefi&#39;o.</span> <span class='ocrx_word' id='word_1_289' title='bbox 640 2253 756 2288; x_wconf 92' lang='lat' dir='ltr'>Unum</span> <span class='ocrx_word' id='word_1_290' title='bbox 772 2253 845 2300; x_wconf 78' lang='lat' dir='ltr'>ejus</span> <span class='ocrx_word' id='word_1_291' title='bbox 861 2253 1033 2300; x_wconf 81' lang='lat' dir='ltr'>praecipue</span> <span class='ocrx_word' id='word_1_292' title='bbox 1048 2252 1182 2287; x_wconf 68' lang='lat' dir='ltr'>factum</span> <span class='ocrx_word' id='word_1_293' title='bbox 1201 2258 1420 2293; x_wconf 83' lang='lat' dir='ltr'>memoratur,</span> <span class='ocrx_word' id='word_1_294' title='bbox 1437 2263 1506 2297; x_wconf 91' lang='lat' dir='ltr'>quo</span> <span class='ocrx_word' id='word_1_295' title='bbox 1523 2249 1670 2296; x_wconf 84' lang='lat' dir='ltr'>Anglos‚</span> 
     </span>
     <span class='ocr_line' id='line_1_32' title="bbox 258 2308 1671 2359; baseline -0.004 -11"><span class='ocrx_word' id='word_1_296' title='bbox 258 2316 289 2349; x_wconf 87' lang='lat' dir='ltr'>in</span> <span class='ocrx_word' id='word_1_297' title='bbox 314 2313 466 2348; x_wconf 83' lang='lat' dir='ltr'>Scotiam</span> <span class='ocrx_word' id='word_1_298' title='bbox 496 2312 730 2359; x_wconf 76' lang='lat' dir='ltr'>irrumpentes,</span> <span class='ocrx_word' id='word_1_299' title='bbox 753 2312 796 2346; x_wconf 86' lang='lat' dir='ltr'>ad</span> <span class='ocrx_word' id='word_1_300' title='bbox 816 2311 1053 2347; x_wconf 89' lang='lat' dir='ltr'>Millertonum</span> <span class='ocrx_word' id='word_1_301' title='bbox 1082 2311 1288 2358; x_wconf 71' lang='lat' dir='ltr'>profligavit.</span> <span class='ocrx_word' id='word_1_302' title='bbox 1344 2309 1409 2349; x_wconf 81' lang='lat' dir='ltr'>Ea,</span> <span class='ocrx_word' id='word_1_303' title='bbox 1434 2315 1469 2343; x_wconf 87' lang='lat' dir='ltr'>ut</span> <span class='ocrx_word' id='word_1_304' title='bbox 1496 2308 1545 2343; x_wconf 91' lang='lat' dir='ltr'>est</span> <span class='ocrx_word' id='word_1_305' title='bbox 1563 2321 1583 2342; x_wconf 87' lang='lat' dir='ltr'>a</span> <span class='ocrx_word' id='word_1_306' title='bbox 1601 2320 1671 2342; x_wconf 89' lang='lat' dir='ltr'>ma·</span> 
     </span>
    </p>
   </div>
  </div>
 </body>
</html>
