1922 2767
658 277 1171 315 WEDDERBURNENSI.
1601 282 1623 319 7

209 378 308 419 tastis,
326 390 391 413 nec
408 378 501 412 fama
520 387 730 424 pugnavero,
751 381 785 410 et
803 375 879 410 sunt
903 375 982 409 satis
1008 380 1102 409 certa
1120 380 1354 417 monumenta,
1376 387 1453 422 quae
1471 381 1620 410 veterem

211 436 393 473 Thurstoni
406 434 637 484 poffeffionem
654 434 693 469 iis
706 433 892 473 vindicent,
907 445 998 468 anno
1011 445 1135 480 nempe
1148 446 1343 468 MCCCCXLI.
1391 433 1462 468 Sed
1477 440 1548 468 tam
1567 446 1621 468 ve-

208 502 314 532 terem
326 507 430 542 quam
447 492 725 533 WVedderburnii,
741 505 818 540 quae
833 504 926 527 anno
938 504 1142 534 MCCCCXIII,
1163 498 1222 527 aut
1237 492 1336 539 supra
1350 504 1469 527 Mcccc
1485 492 1621 539 coepiffe

208 553 386 602 probabile
398 553 457 593 est,
472 565 539 587 non
555 552 666 587 video.
708 551 811 586 Datae
825 556 940 586 autem
956 551 1029 585 sunt
1049 550 1313 585 Wedderburnii
1329 556 1426 586 terrae
1441 551 1484 585 ab
1502 550 1621 585 Archi-

209 612 312 648 baldo
326 611 511 659 Duglaffiae
524 611 650 653 comiti,
671 610 729 658 qui
748 616 782 645 et
799 610 1015 649 Gallovidiae,
1033 608 1214 651 Anandiae,
1231 609 1336 644 etiam
1353 609 1620 644 Wedderburnii

209 671 385 706 dominum
404 671 437 705 se
455 670 560 712 dicit3
589 669 664 717 quis
683 674 799 704 autem
820 668 1053 703 Archibaldus
1079 668 1134 703 hic
1153 668 1268 708 fuerit,
1288 681 1366 703 curn
1394 669 1522 703 fuerint
1548 669 1622 716 ejus

208 730 355 765 nominis
380 735 448 764 tres
466 728 631 768 continui,
652 740 661 762 1
685 727 846 769 Severus,
869 740 895 762 11
917 726 1126 762 Turonensis
1145 726 1225 767 dux,
1246 739 1287 762 111
1307 733 1341 762 et
1358 727 1548 775 Wigtoniae
1567 740 1621 762 co-

209 800 292 829 mes,
314 800 378 822 nec
405 787 507 822 ullam
528 786 633 821 habet
660 785 779 821 charta
798 786 963 833 temporis
981 791 1099 820 notam
1125 785 1290 828 additam,
1311 786 1404 821 haud
1433 787 1521 821 adeo
1547 798 1621 833 per-

209 847 362 894 spicuum
381 846 439 887 est,
459 845 519 880 nisi
543 845 636 893 quod
655 850 736 880 ante
758 845 931 892 Wigtonii
950 851 1085 890 tempus
1104 845 1305 879 confirmata
1332 845 1510 887 invenitur,
1532 857 1621 880 anno

210 917 409 946 Mccccxm,
430 904 488 952 qui
507 904 540 938 in
559 916 686 938 annum
705 903 801 938 ducis
821 902 1030 938 Turonensis
1045 903 1217 938 decimum
1232 904 1369 939 tertium
1383 910 1442 939 aut
1458 903 1621 939 duodeci-

208 977 302 999 mum
317 963 444 1005 incidit,
465 969 580 998 tamen
598 962 681 998 nihil
700 969 793 998 vetat
819 963 901 1010 quin
928 962 1044 997 multis
1071 969 1151 998 ante
1178 963 1275 997 annis
1303 963 1476 1010 praecipua
1505 963 1622 997 charta

209 1023 290 1058 data
307 1022 357 1063 fit,
377 1022 420 1057 ab
440 1022 540 1070 ipfius
567 1028 664 1069 patre
685 1021 896 1056 Archibaldo
919 1021 1061 1056 Severo.
1117 1021 1282 1069 Quisquis
1307 1021 1356 1063 fit,
1386 1022 1540 1069 agnoscit
1566 1021 1621 1056 ille

208 1082 351 1117 multam
379 1081 524 1117 Davidis
557 1081 675 1128 Humij
700 1093 850 1127 operam,
872 1080 940 1122 scu,
962 1085 999 1114 ut
1025 1081 1096 1128 ipse
1126 1080 1291 1127 loquitur,
1318 1081 1496 1128 multiplex
1524 1081 1621 1116 servi-

208 1142 304 1181 tium,
323 1153 427 1188 quam
443 1140 637 1175 donationis
651 1140 788 1174 causam
808 1139 924 1186 ponit;
943 1139 1051 1185 ipsum
1069 1138 1257 1174 honorifice
1275 1139 1364 1181 satis,
1386 1145 1422 1174 ut
1437 1145 1509 1174 tum
1524 1146 1620 1174 erant

210 1207 374 1247 tempora,
392 1199 588 1234 scutiferum
604 1198 767 1245 appellat,
780 1210 843 1232 nec
858 1197 955 1232 aliter
969 1196 1135 1244 defignat.
1165 1198 1360 1245 Ascriptum
1373 1204 1489 1233 autern
1504 1198 1621 1245 postea

211 1260 242 1294 in
255 1258 412 1299 militum,
429 1264 466 1292 ut
481 1263 616 1299 vocant,
632 1257 689 1292 seu
705 1257 860 1303 equitum
875 1262 1082 1297 auratorum,
1099 1256 1264 1297 ordinem,
1279 1257 1394 1292 videre
1407 1257 1455 1292 est
1469 1270 1511 1292 ex
1524 1257 1622 1304 scrip-

210 1318 253 1353 tis
271 1316 476 1364 quibusdam
495 1316 575 1350 anni
594 1328 729 1350 MCCCCI
745 1329 754 1358 3
775 1328 795 1350 a
814 1327 883 1362 quo
900 1322 1027 1355 autem,
1041 1321 1074 1350 et
1087 1327 1164 1363 quae
1177 1315 1221 1350 ob
1235 1316 1356 1351 merita
1369 1328 1446 1351 eum
1458 1316 1622 1351 honorem

211 1375 356 1423 adeptus
374 1375 422 1417 fit,
453 1375 621 1410 incertum
649 1374 708 1408 est.
762 1373 928 1408 Habuifl'e
957 1386 1098 1409 uxorem
1118 1374 1267 1409 Aliciam
1295 1375 1444 1417 nomine,
1474 1380 1509 1409 et
1536 1375 1622 1409 filios

216 1434 398 1475 Davidem,
420 1434 473 1468 cui
489 1433 682 1480 supervixit,
702 1438 736 1467 et
754 1432 999 1473 Alexandrum,
1020 1433 1161 1467 testatur
1175 1432 1250 1475 hoc,
1265 1433 1358 1480 quod
1373 1445 1463 1468 anno
1480 1446 1623 1468 MCCCCL

212 1493 350 1528 easdem
372 1492 640 1527 VVedderburnii
659 1498 764 1526 terras
784 1493 816 1526 in
835 1503 957 1526 manus
975 1490 1099 1526 Jacobi
1117 1492 1209 1538 regis
1229 1491 1275 1538 (is
1305 1492 1379 1538 ejus
1409 1492 1557 1527 nominis
1576 1493 1622 1527 se-

210 1551 342 1586 cundus
372 1551 438 1597 est)
463 1550 599 1586 Sterlini
628 1550 780 1598 deponit,
799 1563 839 1586 ac
858 1563 916 1585 eas
934 1550 1056 1585 iterum
1074 1549 1134 1584 fibi
1163 1556 1199 1585 et
1225 1551 1321 1584 uxori
1342 1551 1463 1585 Aliciae
1491 1551 1621 1598 recipit,

209 1610 469 1657 haeredibusque
489 1610 564 1651 suis,
582 1609 738 1656 Georgio
757 1621 882 1656 nempe
901 1621 943 1644 ex
963 1609 1099 1643 Davide
1118 1621 1228 1656 nuper
1242 1609 1310 1643 filio
1327 1609 1499 1656 (mortuus
1513 1610 1623 1657 isjam

209 1669 329 1715 fuerit)
348 1669 477 1716 nepoti,
507 1667 689 1715 liberisque
717 1668 802 1715 ejus,
822 1667 844 1702 fi
871 1667 929 1715 qui
948 1666 1107 1702 nascituri
1126 1667 1242 1707 effent,
1261 1667 1443 1710 masculis,
1471 1674 1543 1703 tum
1557 1669 1623 1703 fra-

210 1728 251 1763 tri
272 1728 429 1775 Georgii,
451 1727 613 1767 Patricio,
633 1726 773 1773 ejusque
792 1726 906 1761 liberis
925 1726 1093 1767 masculis,
1113 1726 1263 1761 secundo
1288 1725 1438 1769 haered13
1459 1739 1500 1762 ac
1514 1727 1625 1767 tertio,

212 1786 414 1822 Alexandro
433 1787 491 1821 suo
511 1785 612 1833 ipfius
630 1785 710 1825 filio,
732 1785 878 1820 Davidis
896 1785 1006 1820 functi
1025 1785 1132 1825 fratri,
1151 1785 1351 1832 caeterisque
1376 1785 1455 1820 inde
1474 1786 1624 1821 oriundis

212 1845 329 1880 ordine
343 1844 505 1880 maribus.
536 1845 654 1892 Atque
670 1844 742 1879 haec
754 1844 798 1879 de
811 1844 913 1879 domo
928 1844 987 1878 sua
1002 1856 1094 1883 cura,
1108 1849 1141 1878 et
1157 1856 1239 1891 erga
1252 1844 1408 1880 defuneti
1420 1845 1544 1881 liberos
1555 1846 1625 1892 pie—

214 1910 277 1943 tas,
292 1916 375 1951 erga
397 1914 541 1951 nepotes
556 1916 598 1938 ex
613 1904 717 1938 fratrc
730 1915 797 1937 non
812 1903 933 1945 minor,
954 1903 1055 1949 plane
1067 1903 1213 1944 fiduciae,
1225 1915 1329 1950 quam
1342 1903 1383 1938 de
1397 1916 1438 1939 eo
1450 1904 1554 1939 frater
1568 1904 1626 1939 ha-

214 1962 345 2002 buerat,
357 1963 540 2009 respondit,
554 1968 613 1997 aut
625 1962 728 1997 etiam
745 1962 924 2009 superavit.
960 1961 1055 1996 Nam
1069 1974 1147 1996 cum
1159 1961 1238 1996 duci
1248 1961 1448 2005 Turonenfi,
1462 1963 1496 1997 in
1519 1962 1626 1997 Galli-

214 2032 290 2055 cam
308 2021 561 2067 expeditionem
578 2021 813 2068 proficiscenti,
832 2020 945 2055 David
959 2020 992 2055 se
1011 2020 1352 2067 comitemjunxiffet,
1367 2022 1481 2068 etjam
1494 2022 1527 2056 in
1539 2034 1626 2056 nave

214 2078 305 2121 estet,
319 2079 407 2114 forte
418 2078 613 2114 Alexander
628 2079 776 2114 Humius
793 2078 1017 2126 Dunglaffius
1029 2079 1133 2114 frater
1145 2091 1223 2114 cum
1237 2079 1360 2114 ducem
1375 2080 1418 2115 ad
1433 2092 1554 2115 navem
1569 2081 1625 2115 de·

214 2137 367 2179 duxisset,
384 2149 531 2184 eumque
544 2137 755 2172 decessurum
768 2138 895 2172 arctius
907 2137 1107 2185 complexus
1116 2137 1325 2185 Duglaffius,
1340 2138 1528 2185 “equidem
1543 2151 1625 2172 nun—

214 2209 319 2245 quam
337 2196 409 2230 fore
436 2196 657 2238 credidissem,
678 2197 798 2243 inquit,
820 2196 1030 2237 Alexander,
1058 2202 1095 2231 ut
1121 2197 1306 2244 quicquam
1325 2209 1387 2232 nos
1405 2197 1624 2237 dirimeret3‘'

215 2255 387 2304 respondit
404 2255 461 2291 ille
483 2255 676 2291 amiciffime
696 2260 794 2291 “nec
813 2256 938 2291 dirimit
956 2268 1019 2290 nos
1038 2268 1190 2303 unquam
1216 2256 1438 2302 quicquani.'’
1492 2255 1624 2301 Itaque,
