1922 2767
291 293 335 329 74
738 287 806 323 DE
835 286 1055 322 FAMILIA
1084 285 1258 321 HUMIA

288 391 579 439 consanguineum
598 392 694 426 suum
713 391 895 430 Joannem,
914 390 972 424 suo
999 389 1148 431 nomine,
1177 388 1354 423 custodem
1381 388 1549 435 imposuit,
1571 393 1604 422 et
1622 387 1703 422 feci-

290 451 391 492 alem,
411 451 501 498 regis
519 450 657 485 nomine
685 449 914 497 postulantem
933 454 970 482 ut
989 448 1182 487 dederetur,
1201 448 1234 482 in
1253 447 1401 495 gratiam
1420 447 1564 482 Joannis
1584 445 1703 481 Humii

292 509 527 544 Manderstoni
546 509 669 550 fratris,
690 521 725 543 re
752 509 894 547 infecta,
914 506 1047 542 dimifit.
1101 506 1180 546 Quo
1198 506 1343 546 saecum,
1363 511 1399 540 ut
1423 506 1509 540 inter
1528 517 1597 547 eos,
1618 517 1704 552 quos

290 568 549 615 proscribendos
567 568 689 602 suturis
708 567 854 602 comitiis
873 566 1137 605 destinaverant,
1157 565 1231 612 ejus
1250 577 1388 612 quoque
1410 576 1535 599 nomen
1562 575 1704 611 ponere-

291 635 355 668 tur,
377 626 470 673 quafi
489 627 521 661 in
541 627 668 661 crimen
687 626 774 660 laesae
800 625 998 672 majestatis,
1020 624 1174 659 insolenti
1192 623 1258 658 hoc
1277 636 1317 658 ac
1336 623 1521 670 arroganti,
1549 628 1585 657 ut
1604 623 1704 657 inter-

287 685 521 732 pretabantur,
539 685 702 726 facinore,
718 684 914 725 incurrisset,
935 684 1062 730 quippe
1082 683 1174 730 quod
1190 683 1232 717 ad
1248 682 1463 717 manifestam
1481 681 1703 716 rebellionem

289 743 458 778 tenderet.
513 743 617 778 Certe
636 743 789 778 Jacobus
811 742 970 777 Stuartus
991 742 1152 781 Aranius,
1172 742 1230 788 qui
1250 741 1365 776 omnia
1383 746 1455 775 tum
1480 740 1512 775 in
1541 740 1620 774 aula
1646 752 1704 786 po-

290 808 387 844 terat,
408 803 591 849 instigante
612 801 870 841 Manderstono,
890 801 922 835 in
939 807 1042 847 caput
1055 801 1128 847 ejus
1143 800 1288 834 concilia
1306 799 1521 834 machinatus
1540 799 1599 833 est.
1641 798 1705 833 Rei

289 861 450 907 gerendae
469 861 554 896 ratio
574 861 648 895 haec
667 861 761 901 inita,
782 866 818 894 ut
837 860 870 894 in
890 859 1016 899 aulam,
1035 866 1203 906 praetextu
1228 859 1343 906 aliquo
1362 858 1547 899 allicerent,
1568 857 1705 892 venien-

290 925 360 953 tem
389 919 641 966 interciperent,
669 932 709 954 ac
741 918 915 965 captivum
938 918 1132 959 retinerent,
1163 923 1207 959 et,
1238 930 1307 964 qua
1334 917 1476 964 possent,
1508 916 1705 951 criminibus

289 984 481 1013 onerarent.
535 978 657 1025 Itaque
675 978 790 1012 literas
809 990 829 1011 a
847 988 929 1022 rege
951 976 993 1010 ad
1013 989 1091 1010 eum
1117 976 1211 1016 dant,
1230 976 1310 1010 satis
1336 976 1446 1010 amice
1473 975 1702 1022 conscriptas3

290 1037 421 1072 summa
439 1043 523 1077 erat,
542 1043 579 1071 ut
597 1037 679 1083 quia
702 1035 818 1070 limitis
843 1035 1017 1069 orientalis
1044 1035 1229 1081 praefectus
1256 1034 1347 1076 esset,
1367 1034 1497 1069 veniret
1516 1034 1548 1067 in
1577 1034 1702 1075 aulam,

289 1101 333 1137 et,
354 1108 422 1142 quo
441 1097 473 1130 in
493 1095 591 1137 statu,
612 1108 653 1130 ea
671 1095 767 1142 regni
788 1106 864 1140 pars
883 1093 975 1134 esset,
997 1093 1168 1134 edoceret,
1189 1092 1341 1139 quidque
1367 1105 1409 1127 ex
1436 1092 1509 1139 ejus
1528 1105 1563 1127 re
1582 1092 1704 1140 potiffi-

289 1167 382 1189 mum
406 1155 505 1195 foret,
525 1154 725 1189 consuleret.
781 1153 852 1195 Ille,
880 1165 938 1187 cur
963 1152 1130 1199 suspecta,
1160 1157 1219 1186 aut
1243 1151 1422 1198 perspecta
1448 1151 1561 1198 potius
1587 1163 1705 1186 eorum

289 1213 531 1248 malevolentia
558 1219 639 1254 erat,
669 1211 799 1246 subess'e
824 1211 982 1245 fraudem
1010 1223 1149 1257 gnarus,
1180 1210 1273 1244 haud
1298 1215 1427 1244 temere
1454 1210 1705 1256 properandum

287 1271 346 1306 sibi
365 1272 491 1313 statuit,
512 1284 586 1313 nec,
606 1271 665 1305 nisi
692 1271 880 1317 explorato,
910 1276 945 1304 ut
973 1269 1077 1310 aiunt,
1106 1268 1194 1303 vado
1222 1269 1255 1303 se
1282 1268 1509 1303 committere.
1563 1267 1642 1303 Hoc
1668 1274 1705 1302 ut

288 1331 430 1371 faceret,
464 1330 635 1365 Davidem
666 1331 806 1364 fratrem
834 1328 1122 1375 Elphingstonum
1150 1328 1334 1375 praemittit,
1353 1327 1422 1375 qui,
1451 1340 1555 1375 quam
1586 1327 1703 1374 pofl‘et,

289 1390 404 1424 onmia
423 1389 642 1424 occultiffime
661 1402 701 1423 ac
728 1387 929 1435 penitiflime
957 1387 1161 1433 exquireret,
1181 1387 1289 1433 ipsum
1307 1386 1352 1421 ibi
1380 1387 1471 1434 apud
1498 1386 1705 1421 avunculum

289 1448 463 1483 subsistere
482 1454 620 1488 monet3
647 1447 742 1482 fimul
763 1447 805 1481 ad
827 1446 1040 1481 Gulielmum
1062 1445 1283 1480 Ruthvenum
1304 1445 1483 1487 Gaurium,
1505 1451 1586 1480 tunc
1612 1457 1704 1492 quae-

288 1506 411 1541 storem
430 1508 573 1554 regium,
595 1513 628 1541 et
651 1506 830 1541 Setonium
853 1505 971 1540 Setoni
992 1504 1178 1546 dominum,
1200 1510 1382 1551 utrumque
1407 1504 1704 1551 consanguinitate

290 1566 350 1600 fibi
365 1567 538 1613 junctum,
557 1566 692 1607 scribit,
722 1565 803 1611 quid
823 1564 927 1611 regiae
946 1564 1058 1598 ferant
1077 1563 1183 1597 literae
1207 1563 1345 1604 indicat,
1366 1563 1447 1609 quid
1474 1563 1543 1609 ipse
1562 1563 1704 1609 suspice-

290 1632 368 1667 tur3
396 1625 478 1671 quid
505 1624 639 1659 concilii
669 1624 763 1663 dent,
781 1629 892 1670 rogat.
948 1622 1032 1656 Erat
1060 1622 1258 1657 tabellarius
1285 1621 1437 1656 Joannes
1466 1620 1613 1663 Lechus,
1634 1621 1704 1667 qui,

289 1684 421 1718 traditis
436 1684 551 1723 literis,
564 1695 641 1718 cum
657 1682 855 1717 Alexandro
872 1681 1119 1716 Manderstono
1135 1680 1303 1715 observari
1316 1681 1348 1714 se
1363 1679 1520 1719 senfifl‘et,
1535 1680 1702 1726 responsa,

290 1756 367 1790 quae
386 1756 406 1777 a
427 1743 558 1777 Gaurio
573 1748 607 1776 et
629 1742 772 1776 Setonio
791 1746 983 1787 acceperat,
1003 1740 1128 1774 veritus
1140 1751 1183 1774 ne
1202 1744 1381 1786 caperetur
1400 1737 1511 1785 (quod
1527 1745 1560 1772 et
1573 1738 1703 1783 evenit)

290 1814 467 1836 ocrearum
486 1801 584 1836 soleis
604 1800 746 1835 abdidit.
801 1799 934 1846 Captus
953 1799 1069 1845 itaque
1095 1804 1128 1832 et
1155 1797 1295 1832 excuffis
1317 1797 1464 1838 sarcinis,
1486 1809 1544 1831 eos
1571 1796 1704 1836 fefellit,

291 1873 341 1902 ac,
362 1861 461 1895 tertio
480 1859 713 1906 (liezdimiffus,
736 1858 779 1893 ad
806 1857 977 1893 Davidem
1005 1857 1115 1891 rediit.
1169 1856 1211 1898 Is,
1233 1868 1274 1890 ex
1300 1868 1418 1890 eorum
1444 1855 1548 1889 literis
1573 1861 1607 1889 et
1634 1856 1705 1889 sen—

291 1919 412 1958 tentia,
438 1919 482 1953 ad
508 1919 647 1952 fratrem
675 1916 797 1958 scribit,
818 1929 861 1951 ne
888 1916 1069 1950 cunctetur
1095 1916 1128 1949 se
1154 1915 1226 1961 regi
1251 1914 1372 1954 sistere,
1400 1926 1439 1948 ex
1468 1914 1536 1955 sua,
1558 1920 1594 1948 ut
1616 1913 1704 1948 bene

292 1978 474 2012 comitatus
501 1976 690 2017 adveniret,
720 1988 763 2010 ne
790 1976 823 2009 in
850 1974 995 2008 hostium
1022 1986 1144 2008 manus
1170 1973 1262 2020 prius
1286 1973 1425 2013 veniret,
1458 1984 1561 2020 quam
1586 1984 1704 2019 regern

290 2036 498 2071 conveniret.
552 2034 655 2075 Quod
674 2035 704 2069 ei
724 2033 815 2068 ceffit
834 2033 988 2074 feliciter,
1008 2044 1087 2066 nam
1106 2031 1284 2078 sexaginta
1310 2030 1483 2077 equitibus
1510 2031 1702 2072 comitatus,

289 2096 396 2142 iisque
415 2093 658 2133 semiermibus,
677 2098 714 2126 ut
733 2092 837 2126 videri
857 2096 1024 2138 poterant,
1045 2102 1162 2125 revera
1185 2090 1334 2129 armatis,
1353 2089 1445 2124 veste
1473 2089 1574 2124 armis
1592 2089 1703 2135 super-

290 2154 429 2201 injecta,
455 2153 653 2193 adventans,
683 2151 715 2185 in
744 2150 854 2185 arenis
879 2149 996 2184 obvios
1021 2148 1141 2183 habuit
1168 2148 1336 2182 Aranium
1361 2154 1395 2183 et
1422 2147 1704 2182 Manderstonum

290 2225 367 2248 cum
387 2212 615 2260 quadraginta
635 2209 818 2257 equitibus,
839 2207 904 2243 five
923 2208 1073 2248 fortuito,
1094 2206 1160 2241 five
1175 2207 1291 2241 dedita
1310 2219 1415 2254 opera
1429 2207 1523 2254 quod
1537 2206 1703 2241 creditum

289 2272 347 2314 est,
369 2277 406 2306 ut
432 2283 510 2306 eum
537 2269 788 2316 interciperent,
808 2280 848 2302 ac
874 2266 968 2314 quasi
994 2266 1166 2313 captivum
1197 2265 1371 2308 ducerent,
1395 2265 1541 2313 egressis.
1575 2265 1704 2299 Verum

290 2343 367 2365 cum
386 2331 532 2377 impares
551 2329 584 2364 se
602 2328 766 2369 viderent,
786 2325 987 2361 diflimulata
1002 2338 1037 2360 re
1052 2330 1270 2372 praetereunt.
1313 2325 1375 2360 Ille
1396 2325 1492 2360 recta
1510 2324 1543 2359 in
1562 2324 1702 2371 regiam,
