1922 2767
701 270 1221 308 WEDDERBURNENSI.
1617 279 1660 315 77

239 375 375 409 causam
395 374 535 422 agebat,
555 382 613 409 aut
632 387 736 421 agere
755 387 824 422 prae
845 376 877 409 se
896 375 1041 410 ferebat.
1095 376 1224 411 Verum
1247 377 1432 425 Georgius,
1451 379 1520 426 qui,
1541 380 1657 425 legum

237 446 376 480 gnarus,
401 433 634 480 possessionem
654 434 732 481 jure
755 434 876 468 fultam
899 434 1026 468 habere
1051 435 1083 468 se
1109 435 1247 477 sciebat,
1273 436 1388 471 literas
1407 443 1440 471 et
1459 438 1659 472 mandatum

239 491 475 539 suspendebat,
496 498 529 526 et
561 492 731 539 sequestro
761 492 1029 539 insuperhabito,
1057 493 1209 528 decimas
1234 494 1302 541 ipse
1328 495 1525 542 colligebat.
1580 496 1659 531 Hoc

238 563 315 585 cum
334 551 455 598 saepius
473 551 670 585 factitatum
690 550 783 591 ess'et,
803 563 862 598 per
883 551 1031 585 eundem
1052 551 1258 595 Johannom,
1288 560 1486 589 venatorem
1514 555 1656 596 dichun,

237 622 257 644 a
276 622 358 657 rege
377 609 607 656 impetratum,
629 616 665 644 ut
684 610 726 649 ei,
746 610 804 657 qui
824 609 958 644 libellos
976 610 1134 645 lectitare
1153 617 1187 645 et
1206 611 1412 647 subscribere
1432 612 1572 654 solebat,
1594 613 1658 659 pri-

238 668 325 703 vatis
343 668 448 703 literis
468 668 738 708 interdiceretur,
758 681 800 702 ne
821 669 877 702 ulli
897 668 1013 703 libello
1035 669 1190 716 Georgii,
1215 683 1257 705 ea
1276 670 1318 705 de
1341 684 1388 710 re,
1413 671 1657 713 subscriberet3

236 728 339 762 etiam
359 740 464 774 penes
483 740 585 774 quem
604 726 758 774 signandi
775 727 831 774 jus
847 734 929 769 erat,
946 740 989 762 ne
1004 728 1120 763 literas
1135 728 1369 775 hujuscemodi
1384 730 1543 777 signaret.
1591 730 1657 765 Ita-

236 799 304 834 que
323 799 413 826 cum,
428 786 547 833 justitii
568 786 776 821 autumnalis
795 793 961 833 tempore,
981 786 1133 821 libellum
1154 787 1288 822 duobus
1313 802 1331 822 e
1359 789 1657 835 quindeeemviris,

236 845 283 879 uti
304 857 376 879 mos
391 845 449 886 est,
464 845 686 892 subscriptum
702 845 920 892 impetraffet,
938 852 974 880 ut
988 845 1095 880 literae
1110 846 1240 888 fierent,
1258 860 1336 893 quae
1355 848 1657 894 sequestrationem

235 904 334 945 hanc,
350 910 515 951 tanquam
530 904 694 951 iniquam,
710 904 962 951 suspenderent,
978 910 1015 938 ut
1029 904 1226 952 loquuntur,
1244 905 1369 952 illeque
1382 907 1435 940 cui
1451 906 1657 942 subscribere

231 963 287 1009 jus
307 969 389 1004 erat,
411 962 620 998 subscribere
639 963 829 1004 recusasset,
850 964 942 997 fatus
962 964 994 998 se
1013 976 1033 997 a
1051 976 1134 1010 rege
1152 964 1308 1004 vetitum,
1331 964 1514 1011 Georgius,
1540 966 1656 1000 instru-

233 1029 349 1057 mento
368 1022 506 1069 publico
526 1022 568 1056 de
588 1022 801 1057 recusatione
821 1022 922 1069 ipsius
941 1029 1097 1069 accepto,
1119 1035 1208 1065 eum,
1231 1024 1327 1070 cujus
1352 1023 1506 1071 signandi
1534 1037 1657 1060 munus

233 1087 316 1121 erat,
337 1081 430 1123 adit3
451 1093 599 1128 cumque
618 1081 673 1115 ille
692 1080 810 1115 itidem
832 1081 1002 1115 recusaret
1022 1087 1057 1115 et
1076 1081 1166 1115 idem
1182 1082 1388 1124 causaretur,
1407 1082 1449 1117 de
1465 1083 1553 1117 illius
1572 1097 1655 1131 quo-

232 1153 300 1187 que
319 1141 533 1175 recusatione
552 1140 775 1174 instrumento
791 1140 936 1187 sumpte,
956 1140 1062 1174 literis
1077 1140 1297 1175 nihilominus
1312 1146 1478 1188 tanquam
1493 1142 1656 1189 legitimis

234 1199 337 1234 utitur
354 1213 362 1241 3
392 1206 425 1233 et
444 1198 653 1246 sequestrum
674 1199 859 1246 quicquam
880 1211 922 1233 ex
941 1199 1053 1233 officio
1073 1212 1189 1246 agere,
1211 1212 1327 1234 earum
1348 1200 1378 1235 vi
1398 1206 1432 1235 et
1451 1200 1585 1242 virtute,
1601 1215 1655 1236 ve-

233 1265 292 1299 tat,
315 1259 465 1305 ipseque,
485 1270 526 1292 eo
549 1257 703 1304 depulso,
733 1257 885 1292 decimas
913 1258 1055 1304 colligit.
1110 1258 1342 1293 Memorabile
1369 1259 1434 1294 hoc
1461 1260 1594 1295 sactum
1622 1267 1655 1295 et

232 1317 326 1351 nullo
346 1323 425 1351 ante
445 1316 614 1363 exemplo,
636 1329 713 1351 cum
734 1316 838 1363 injus
858 1316 1047 1351 adductum
1068 1317 1160 1358 efl'et,
1182 1317 1229 1352 ita
1249 1331 1268 1352 a
1288 1319 1405 1353 senatu
1420 1319 1577 1365 judicum
1597 1332 1655 1367 ap-

232 1376 414 1423 probatum
434 1375 492 1417 est,
514 1382 560 1417 ut,
582 1388 650 1409 uno
669 1388 738 1416 ore,
760 1375 887 1409 nullam
907 1376 939 1410 se
959 1388 1112 1422 unquam
1131 1376 1381 1423 suspensionem
1405 1377 1590 1420 meliorem,
1621 1385 1655 1413 et

230 1435 371 1470 meliore
385 1435 473 1481 jure,
495 1443 553 1468 aut
573 1434 684 1481 majus
703 1435 765 1468 rite.
784 1434 926 1476 factam,
948 1435 1066 1469 sancte
1085 1435 1290 1482 dejerarent.
1345 1435 1438 1470 Toto
1458 1442 1653 1471 controver-

231 1494 285 1528 siae
304 1494 405 1540 hujus
425 1499 588 1540 tempore,
611 1505 688 1528 cum
708 1493 888 1527 adversarii
910 1494 1030 1540 saepius
1049 1494 1082 1528 se
1101 1494 1134 1528 in
1154 1494 1255 1529 armis
1274 1494 1492 1537 ostentarent,
1523 1508 1564 1529 ea
1583 1508 1654 1530 mo-

232 1553 409 1588 deratione
436 1553 513 1586 usus
541 1552 599 1593 est,
629 1552 785 1599 quamvis
813 1564 954 1586 numero
982 1558 1014 1586 et
1042 1552 1168 1587 viribus
1196 1553 1346 1599 superior
1365 1553 1466 1588 facile
1485 1566 1544 1588 eos
1563 1555 1653 1589 male

230 1612 376 1646 multare
396 1610 567 1658 potuiffet,
587 1616 623 1645 ut
642 1611 814 1646 neminem
833 1611 885 1645 vel
906 1612 1001 1645 fzidffo
1021 1611 1164 1656 pulsare,
1186 1611 1239 1646 vel
1258 1611 1353 1646 dicto
1380 1612 1506 1647 violare
1531 1614 1653 1660 permi-

232 1671 327 1713 serit,
352 1670 445 1718 quod
462 1670 526 1705 illis
541 1670 679 1717 quidem
696 1670 877 1704 audaciam
897 1670 1001 1711 auxit,
1023 1670 1300 1705 malevolentiam
1321 1683 1388 1705 non
1408 1671 1542 1706 minuit.
1589 1672 1653 1707 Fa—

231 1729 357 1764 vebant
376 1741 452 1764 eam
473 1729 567 1763 taciti
589 1728 854 1763 Manderstonus
874 1735 907 1763 et
929 1728 1201 1769 Coldincnolius,
1221 1742 1337 1764 verum
1364 1730 1458 1764 taciti
1485 1731 1653 1778 nusquam

231 1789 264 1823 se
279 1789 343 1823 illis
357 1789 566 1835 jungentem
595 1788 698 1822 semel
721 1788 993 1829 Coldincnolius,
1015 1788 1182 1828 collectis,
1201 1801 1287 1835 quas
1306 1794 1453 1836 poterat,
1473 1789 1649 1831 clientelis,

231 1848 264 1882 in
292 1848 355 1882 iter
382 1848 415 1882 se
443 1847 558 1887 dedit;
585 1859 703 1882 verum
728 1846 906 1881 intellecto
929 1846 1121 1894 Georgium
1146 1847 1179 1881 in
1199 1848 1329 1894 campis
1348 1847 1424 1890 ess'e,
1445 1861 1573 1895 gnarus
1592 1849 1652 1883 im-

231 1919 348 1953 parem
367 1906 400 1940 se
419 1905 686 1953 congressurum,
705 1905 845 1939 domum
866 1906 1016 1940 reversus
1035 1906 1094 1940 est.
1149 1906 1320 1946 Tandem,
1349 1912 1385 1941 ut
1406 1919 1474 1941 non
1498 1913 1568 1942 tam
1587 1907 1651 1942 illis

231 1977 334 2012 quam
354 1965 426 2011 regi
446 1965 478 1999 se
497 1964 694 2011 opponendi
714 1964 816 1998 finem
835 1964 976 2004 faceret,
996 1964 1122 1999 veritus
1140 1977 1183 1999 ne
1198 1965 1384 2012 aliquando
1404 1978 1480 2000 eum
1501 1966 1651 2001 offende-

231 2030 293 2063 ret,
313 2028 347 2058 et
366 2023 598 2057 calumniandi
618 2024 733 2057 ansam
754 2023 898 2057 inimicis
917 2022 1129 2070 praecideret,
1148 2035 1219 2058 rem
1239 2036 1259 2058 a
1277 2024 1517 2059 communibus
1533 2025 1650 2059 amicis

230 2081 390 2129 componi
417 2081 528 2128 pass'us
555 2081 626 2121 est3
654 2082 791 2116 servatis
818 2082 935 2128 itaque
957 2081 1017 2116 fibi
1039 2082 1278 2116 tantummodo
1302 2082 1487 2117 fundorum
1515 2084 1650 2117 suorum

231 2141 384 2180 decimis,
405 2146 438 2174 et
457 2139 575 2186 paucis
594 2140 678 2182 aliis,
699 2153 785 2187 quas
804 2140 934 2175 afl‘eclis
949 2140 1144 2181 indulserat,
1164 2141 1295 2176 caeteris
1320 2141 1421 2176 ceffit.
1478 2142 1569 2176 Tum
1592 2142 1649 2176 de-

231 2211 323 2234 mum
343 2198 511 2246 apparuit,
532 2210 601 2244 quo
621 2198 734 2233 animo
754 2199 885 2234 aulicus
904 2199 960 2234 ille
979 2205 1120 2234 venator
1138 2200 1171 2234 in
1195 2199 1417 2234 Blacadarios
1441 2200 1562 2242 fuisset,
1590 2201 1648 2247 qui

230 2270 331 2293 omne
346 2257 403 2304 jus
422 2269 462 2291 ac
480 2256 630 2291 fructum
651 2257 693 2291 ad
714 2257 746 2292 se
766 2258 945 2298 transtulit,
965 2264 999 2293 et
1018 2271 1069 2300 eo,
1091 2258 1205 2305 quoad
1225 2259 1318 2299 vixit,
1338 2259 1415 2293 usus
1441 2258 1500 2293 est.
1554 2259 1648 2293 Mor-

230 2324 289 2352 tuo
309 2329 361 2359 eo,
384 2316 528 2364 Georgii
547 2328 651 2363 opera
670 2316 814 2357 factum,
835 2323 870 2351 ut
890 2316 932 2352 ad
954 2316 1177 2352 Blacadarios
1202 2317 1410 2359 devenerint,
1431 2317 1500 2364 qui,
1521 2323 1571 2352 tot
1598 2318 1646 2352 in—
