1922 2767
664 284 1173 320 WEDDERBURNENSI.
1580 290 1619 322 31

213 394 332 430 parum
350 381 409 417 fibi
436 394 495 429 per
521 381 630 416 morbi
656 381 723 415 vim
753 380 949 423 constantis,
970 381 1146 415 voluntate
1177 380 1370 421 obveniffe;
1396 393 1512 416 verum
1540 382 1573 416 id
1593 383 1624 416 se

212 453 280 476 non
299 453 425 488 agere,
446 453 513 475 non
533 440 600 475 effe
621 439 844 481 Gulielmum,
873 452 941 474 non
959 440 1081 474 fratres
1100 439 1133 474 in
1153 439 1254 486 ipfius
1272 439 1462 486 potestate;
1489 440 1512 474 fi
1531 441 1625 487 quid,

211 500 305 534 secus
324 512 427 547 quam
442 504 651 546 oportuerat,
666 499 810 546 egerint,
826 499 914 545 ipsos
929 498 1152 533 accersendos
1166 510 1226 545 pro
1242 498 1275 532 se
1290 498 1515 545 responsuros.
1558 498 1625 533 Hic

210 558 459 594 excandescere
480 558 635 600 Bantius,
656 564 690 592 et
708 557 809 604 ipfius
826 557 891 591 hoc
906 557 1039 591 factum
1054 556 1179 596 dicere,
1195 557 1359 603 quicquid
1373 556 1429 591 ille
1445 557 1625 604 imperaret

210 617 374 652 facturos.
429 618 489 652 Ille
504 623 621 652 contra
640 616 706 651 effe
725 628 784 651 eos
803 615 849 650 sui
865 615 961 662 juris,
981 627 1044 650 nec
1063 627 1140 650 cum
1160 615 1205 655 se,
1225 615 1282 649 sed
1301 627 1379 650 cum
1398 621 1507 650 matre
1531 615 1625 650 habi-

210 683 293 719 tare,
314 689 377 712 nec
396 677 429 712 se
448 677 580 711 illorum
599 676 695 710 facto
722 675 841 715 teneri,
861 680 920 709 aut
939 674 1008 709 ulla
1026 674 1116 721 lege,
1136 681 1173 708 ut
1201 686 1262 720 pro
1287 674 1326 709 iis
1345 686 1466 709 cavere
1486 673 1623 709 debeat.

212 735 264 770 Ita
284 735 484 770 alternando
503 735 685 774 sermones,
705 747 746 769 ac
764 733 963 768 altercando
979 733 1119 768 tandem
1138 745 1179 767 eo
1198 738 1411 780 perventum,
1429 738 1465 767 ut
1481 733 1625 767 Bautius=

211 795 259 829 ira
277 794 457 841 impotens,
478 794 563 829 truci
583 806 623 828 ac
642 793 768 828 minaci
787 805 872 827 voce
891 798 924 827 et
945 792 1049 834 vultu,
1071 791 1210 833 diceret,
1239 792 1306 826 “se
1326 791 1371 825 illi
1401 804 1461 838 pro
1484 792 1625 838 imperio

210 853 396 900 imponere,
417 858 454 887 ut
473 852 684 887 obsidionem
703 851 857 893 solvant3
888 851 921 885 ni
940 851 1037 892 faxit,
1058 856 1092 885 et
1120 850 1229 897 ipsum
1248 855 1282 884 et
1300 862 1359 885 eos
1386 851 1445 885 suo
1473 850 1564 885 malo
1592 851 1624 884 in

209 911 363 946 ordinem
389 911 646 946 1·eda6turum.''
701 910 755 945 Ad
784 923 825 945 ea
846 909 971 951 David,
993 910 1026 944 se
1055 909 1238 956 impetrato
1266 915 1460 943 commeatu
1489 909 1623 949 venisse,

208 970 397 1005 rediturum
417 970 568 1010 domum,
588 970 667 1004 dein
686 982 755 1017 quo
770 969 872 1004 vellet
891 968 1078 1003 faffitaret.
1132 967 1271 1003 Etcum
1285 967 1380 1003 dicto
1395 967 1513 1003 restitit
1532 968 1624 1014 cogi-

209 1029 382 1064 tabundus
400 1036 469 1064 tam
489 1029 548 1064 diu
567 1028 676 1063 donec
694 1034 803 1063 totum
824 1039 950 1075 agmen
975 1027 1196 1074 praeteriisset.
1251 1027 1531 1062 Obversabantur
1555 1028 1624 1061 ani-

209 1100 265 1122 mo
284 1088 395 1130 minae,
416 1100 504 1135 quae,
525 1087 689 1134 quoniam
708 1087 857 1121 evasurae
885 1085 1001 1128 essent,
1022 1085 1213 1127 verebatur,
1236 1085 1259 1120 fi
1278 1086 1388 1121 salvus
1409 1085 1625 1120 Dumbarum

213 1146 360 1182 Bautius
382 1146 529 1188 venisset,
553 1145 653 1187 unde,
674 1145 822 1181 collecta
850 1157 891 1180 ex
919 1145 1023 1179 totius
1051 1145 1148 1192 regni
1173 1145 1299 1180 viribus
1328 1157 1443 1187 manu,
1472 1145 1624 1180 revolare

214 1206 316 1240 facile
334 1206 443 1245 foret3
463 1205 708 1252 indignabatur
726 1204 786 1238 fibi
806 1210 970 1246 exterum,
992 1204 1105 1238 nescio
1126 1203 1214 1238 unde
1234 1209 1292 1238 aut
1311 1217 1380 1251 quo
1407 1204 1484 1238 loco
1503 1209 1625 1243 ortum,

210 1264 297 1299 adeo
316 1264 486 1306 insultare,
507 1270 540 1298 et
559 1264 664 1298 veluti
688 1275 766 1298 cum
794 1263 923 1297 famulo
944 1263 1001 1297 suo
1031 1275 1147 1309 agere.
1202 1262 1415 1297 Occurrebat
1436 1262 1624 1297 Alexandri

210 1323 454 1370 consanguinei
473 1322 576 1357 caedis
594 1322 769 1363 memoria,
791 1327 825 1356 et
843 1327 1033 1368 occupatus
1052 1321 1096 1356 ab
1125 1321 1194 1361 illo,
1214 1321 1346 1368 dispare
1365 1322 1463 1363 forte,
1485 1321 1558 1368 ejus
1576 1321 1623 1355 lo-

209 1394 278 1423 cus,
315 1388 385 1416 tam
416 1382 517 1416 clarae
551 1381 690 1416 familiae
718 1381 826 1420 ruina,
858 1386 891 1415 et
926 1381 1044 1427 patriae
1079 1380 1212 1427 ingens,
1246 1386 1279 1415 et
1311 1380 1424 1427 gentis
1456 1386 1489 1415 et
1525 1381 1621 1414 suum

209 1440 370 1483 dedecus,
392 1441 484 1488 quod
504 1441 549 1475 ita
569 1441 740 1475 servirent.
795 1439 964 1475 Omnibus
982 1439 1121 1486 putatis,
1141 1439 1234 1473 haud
1256 1439 1343 1474 adeo
1362 1444 1476 1473 vetere
1495 1438 1623 1479 dolore,

209 1506 243 1534 et
261 1500 388 1534 recenti
409 1500 456 1534 ira
475 1499 715 1539 inflammatus,
731 1498 847 1533 statuit
862 1498 965 1533 satius
980 1497 1046 1532 effe
1061 1498 1234 1545 praesentis
1250 1497 1436 1532 occasionis
1450 1498 1622 1532 fortunam

208 1565 365 1601 tentare3
396 1558 460 1593 bac
488 1557 606 1593 omifl'a
631 1557 855 1592 difficiliorem
882 1557 967 1591 fore.
1022 1556 1252 1591 Pervenerant
1275 1557 1348 1603 jam
1377 1557 1420 1591 ad
1447 1556 1621 1597 ericetum‚

208 1617 301 1664 quod
321 1617 364 1652 ad
383 1617 648 1664 septentrionem
668 1616 820 1663 Fogonis
840 1616 951 1658 viculi,
968 1621 1061 1650 trans
1076 1615 1226 1662 ejusdem
1242 1615 1388 1650 nominis
1402 1627 1550 1655 amnem,
1566 1627 1624 1662 ap-

208 1676 430 1723 pellationem
450 1675 493 1710 ab
512 1688 554 1710 eo
574 1675 683 1715 sumit,
702 1687 766 1710 nec
786 1675 873 1709 ultra
892 1674 1135 1721 sesquimiliare
1154 1687 1174 1709 a
1195 1673 1380 1721 Langtono
1395 1686 1473 1708 arce
1493 1673 1622 1714 aberat,

208 1747 313 1782 quam
333 1734 528 1770 Gulielmus
554 1733 783 1769 Cockburnus
805 1739 839 1768 et
860 1733 1010 1768 Davidis
1028 1733 1149 1768 fratres
1174 1738 1245 1767 tum
1269 1733 1418 1767 maxime
1445 1744 1623 1780 oppugna-

209 1793 303 1828 bant.
357 1793 478 1840 Itaque
498 1792 664 1840 praemisso
690 1793 829 1832 nuncio,
849 1792 906 1839 qui
936 1804 995 1826 eos
1015 1791 1057 1826 de
1077 1804 1112 1826 re
1131 1797 1204 1826 tota
1231 1791 1393 1827 certiores
1422 1791 1563 1831 faceret,
1583 1803 1623 1825 ac

211 1851 322 1886 adesse
341 1852 373 1886 in
392 1857 546 1899 tempore
561 1851 710 1899 juberet,
732 1851 808 1893 suis,
829 1851 887 1898 qui
908 1850 1061 1892 aderant,
1083 1851 1228 1897 imperat
1247 1862 1365 1897 equos,
1387 1862 1473 1897 quos
1492 1849 1623 1884 selecti-

209 1922 285 1945 ores
312 1909 432 1958 singuli
461 1910 688 1950 adduxerant,
720 1909 999 1951 conscenderent,
1030 1915 1062 1943 et
1092 1921 1196 1956 quam
1224 1908 1345 1956 poffint
1370 1909 1520 1943 maximo
1547 1921 1624 1943 cum

211 1968 349 2016 strepitu
369 1981 408 2004 ac
427 1969 584 2011 tumultu,
602 1968 725 2003 strictis
739 1968 864 2015 gladiis
879 1980 1003 2015 agmen
1020 1967 1114 2014 quasi
1129 1968 1302 2009 incursuri,
1320 1967 1624 2002 circumfultarent.

214 2026 292 2061 Mos
311 2026 365 2062 hic
382 2027 564 2062 limitaneis
582 2027 642 2067 est,
661 2040 730 2075 quo
751 2027 863 2061 hostes
882 2033 940 2061 aut
958 2032 1096 2068 terrent,
1118 2032 1177 2060 aut
1195 2026 1238 2061 de
1257 2038 1375 2060 eorum
1398 2026 1520 2061 animis
1538 2026 1624 2073 peri—

211 2086 325 2120 culum
344 2086 496 2128 faciunt3
526 2093 560 2121 et
578 2085 601 2121 fi
620 2099 689 2133 qua
708 2086 890 2121 commoda
909 2086 956 2120 rei
986 2085 1146 2133 gerendae
1169 2084 1302 2120 occasio
1329 2084 1437 2126 detur,
1461 2090 1621 2124 utuntur3

210 2144 305 2178 fimul
324 2150 358 2178 et
388 2144 527 2184 amicos,
558 2151 592 2179 ut
619 2151 798 2180 accurrant
827 2145 860 2179 in
888 2144 1065 2185 auxilium,
1087 2144 1286 2185 admonent,
1306 2142 1437 2178 bostem
1466 2141 1525 2189 ipfi
1550 2154 1620 2176 mo-

210 2209 335 2243 rantes,
354 2208 388 2237 et
414 2202 601 2238 turbantes.
653 2202 732 2238 Nec
758 2203 804 2238 illi
824 2204 972 2251 segniter
1000 2203 1168 2250 imperata
1186 2202 1340 2244 faciunt3
1369 2201 1467 2248 equis
1486 2201 1621 2235 minori--

211 2262 284 2303 bus,
305 2261 429 2308 quibus
450 2260 672 2303 vehebantur,
701 2261 868 2302 desiliunt,
889 2262 1035 2296 selectos
1054 2261 1253 2301 ascendunt,
1280 2260 1416 2308 gladios
1443 2259 1621 2306 stringunt,

212 2327 244 2355 et
263 2332 367 2368 quarn
387 2320 530 2367 proximi
550 2319 801 2367 adequitantes,
821 2327 865 2364 et,
882 2326 1014 2368 quanto
1031 2319 1165 2368 possunt
1180 2319 1339 2361 clamore,
1360 2316 1623 2353 Wedderburnii
