1922 2767
681 277 1199 314 wEDDERssURNENsr.
1512 269 1519 275 '
1608 284 1652 321 75

235 380 290 415 ubi
319 392 436 427 regem
464 381 551 415 forte
578 381 610 415 in
640 393 753 414 aream
782 387 966 415 exeuntem
995 381 1130 423 nactus,
1152 381 1231 416 satis
1258 382 1394 429 placato
1422 383 1515 417 vultu
1544 384 1587 418 ab
1615 397 1656 419 co

234 445 397 486 acceptus
415 438 474 474 est.
529 438 579 474 Illi
599 439 709 474 statim
738 438 917 479 subsecuti,
937 439 994 486 qui
1015 452 1093 473 eum
1123 440 1156 473 in
1184 440 1366 487 hospitium
1394 441 1502 487 primo
1530 443 1654 477 iturum

235 497 407 538 rebantur,
423 497 480 532 ubi
500 498 572 545 regi
592 498 701 532 amice
721 504 901 544 acceptum
918 498 1085 539 viderunt,
1107 498 1266 533 Stuartus
1280 499 1396 533 furens
1410 499 1453 533 ad
1477 500 1657 535 Setonium

235 557 424 596 conversus,
444 557 601 598 fremere,
623 556 803 603 indignari,
824 557 857 591 se
877 556 989 591 officio
1010 557 1103 603 (erat
1119 563 1235 591 autem
1251 558 1436 592 satellitum
1453 559 1656 605 praefectus)

233 614 461 655 discessurum,
481 615 762 662 quandoquidem
790 615 893 662 regiis
920 615 1072 650 hostibus
1099 621 1133 650 et
1161 616 1391 663 proditoribus
1418 617 1589 652 accefl‘um
1615 619 1658 653 ad

235 686 351 722 regem
371 674 508 709 facilem
527 674 694 716 redderet,
713 687 752 709 ac
771 674 804 709 in
820 675 1044 721 conspeetum
1060 675 1134 721 ejus
1149 675 1348 710 adduceret.
1393 676 1459 711 Cui
1484 676 1655 718 Setonius‚

233 745 298 768 nec
316 733 447 768 hostem
470 733 795 776 WVedderburnium,
817 745 880 768 nec
907 733 1117 780 proditorem
1143 734 1400 777 denunciatum,
1421 747 1485 770 nec
1510 748 1529 770 a
1556 736 1589 771 se
1615 737 1657 771 ad

235 805 352 840 regem
371 792 526 832 ductum,
546 805 610 827 nec
629 792 754 827 adduci
774 792 825 827 vel
846 805 865 827 a
885 792 929 832 se,
948 792 1001 827 vel
1022 792 1064 827 ab
1091 793 1162 839 ipso
1190 793 1334 840 potuisse
1351 808 1359 836 ς
1389 794 1588 829 accersitum
1609 808 1657 829 re-

235 851 300 898 giis
318 851 433 891 literis,
453 851 609 898 paruifl'e,
628 852 687 886 sua
714 852 833 898 sponte
857 852 1001 893 veniffe3
1030 851 1053 886 fi
1072 852 1155 899 quid
1175 858 1293 886 contra
1313 865 1390 887 eum
1411 853 1563 895 haberet,
1580 854 1658 900 jure

236 915 365 957 ageret,
386 922 446 957 pro
466 910 499 945 se
518 910 766 957 responsurum.
809 910 878 945 Ubi
894 910 1046 945 dimiss'us
1065 911 1097 945 in
1116 910 1300 958 hospitium
1313 912 1415 953 venit,
1431 912 1657 953 subsecutum,

236 969 326 1015 regis
345 969 493 1011 nomine,
514 968 727 1009 mandatum,
747 976 784 1003 ut
803 970 835 1004 se
860 969 928 1004 illic
955 970 1158 1004 contineret.
1212 969 1363 1004 Biduum
1391 970 1436 1005 ibi
1465 971 1656 1018 permansit,

237 1028 335 1062 tertio
355 1027 493 1062 demum
513 1028 578 1070 (lie,
599 1041 659 1075 per
677 1027 830 1062 libellum
849 1028 1049 1076 supplicem,
1069 1028 1208 1075 questus
1233 1029 1265 1064 se
1285 1029 1375 1076 regis
1389 1029 1480 1076 jussu
1499 1030 1657 1072 accitum,

236 1092 272 1120 ut
291 1086 333 1121 de
351 1087 458 1122 limite
477 1087 706 1134 responderet,
728 1094 893 1134 tanquam
914 1088 1098 1134 captivum,
1119 1087 1244 1123 nullius
1260 1088 1408 1123 criminis
1426 1089 1659 1129 manifestum,

237 1145 406 1188 detineri,
436 1146 544 1180 oravit
576 1152 612 1180 ut
641 1146 776 1193 copiam
805 1158 865 1193 pro
884 1146 917 1181 se
936 1146 1162 1193 respondendi
1190 1147 1329 1188 faciant,
1351 1147 1374 1182 fi
1393 1148 1553 1183 accusare
1583 1149 1659 1195 quis

237 1203 349 1238 vellet.
404 1204 434 1238 It
453 1204 497 1238 ad
524 1205 707 1239 concilium
725 1212 879 1244 vocatus,
899 1214 932 1239 et
951 1205 1044 1239 varia
1063 1205 1106 1240 de
1126 1205 1282 1252 Angufio
1301 1212 1335 1241 et
1356 1206 1532 1241 Mortonio
1557 1208 1658 1242 inter-

237 1270 388 1310 rogatus,
410 1263 511 1298 facile
539 1263 581 1298 ad
609 1264 724 1298 omnia
750 1264 934 1310 respondit,
955 1270 989 1299 et
1013 1264 1046 1298 in
1074 1264 1258 1312 hospitium
1275 1265 1440 1301 remifl'us.
1495 1266 1661 1302 Postridie

240 1321 402 1356 Perthum
417 1323 591 1369 relegatus
603 1322 661 1364 est,
677 1322 768 1357 haud
784 1323 885 1369 plane
898 1323 1033 1363 invitus,
1048 1329 1086 1358 ut
1101 1324 1204 1359 domo
1216 1324 1346 1359 tamdiu
1361 1325 1499 1367 abesset,
1511 1325 1591 1360 dum
1605 1326 1662 1361 illa

237 1393 315 1427 quae
342 1387 460 1415 contra
489 1381 703 1416 Mortonium
731 1382 938 1429 coquebant,
967 1395 1115 1430 quaeque
1140 1383 1197 1418 ille
1224 1384 1389 1431 impedire
1414 1397 1482 1418 non
1510 1391 1656 1431 poterat,

238 1441 492 1487 perficerentur.
547 1441 597 1475 Ibi
624 1441 896 1488 sesquimensem,
926 1453 1054 1488 magno
1082 1442 1115 1476 in
1142 1442 1283 1482 honore,
1307 1442 1364 1477 ubi
1392 1443 1483 1477 enim
1505 1443 1656 1479 Gaurius

239 1505 394 1546 praeerat,
424 1512 464 1534 ac
491 1499 538 1534 ita
565 1499 696 1534 civibus
721 1500 920 1542 mandabat,
950 1507 984 1535 et
1010 1501 1140 1535 summa
1167 1501 1259 1548 apud
1287 1514 1406 1537 omnes
1430 1502 1552 1547 gratia,
1582 1515 1659 1537 cum

240 1571 344 1593 uxore
372 1565 405 1593 et
431 1559 573 1600 familia,
600 1559 791 1606 permansit,
820 1571 888 1593 non
917 1559 1045 1607 absque
1073 1560 1175 1594 taedio
1202 1566 1318 1595 tamen
1345 1561 1525 1603 diuturnae,
1552 1568 1588 1596 ut
1615 1562 1660 1596 illi

239 1618 307 1652 visa
325 1618 385 1657 est,
405 1618 579 1653 custodiae.
634 1618 835 1665 Reliquerat
858 1624 984 1660 autem,
1006 1630 1084 1653 cum
1113 1618 1264 1653 Edinum
1289 1619 1455 1666 ingressus
1474 1619 1532 1662 est,
1555 1620 1661 1655 Davi-

240 1678 318 1712 dem
346 1677 484 1711 fratrem
516 1684 611 1711 extra
642 1689 730 1718 eam,
760 1677 1039 1724 qualemcunque
1066 1677 1191 1711 futurae
1220 1678 1367 1712 fortunae
1397 1678 1521 1713 aleam.
1575 1678 1661 1725 Ejus

239 1749 355 1783 opera,
375 1735 544 1771 Johannae
568 1735 778 1783 Hepburnae,
798 1736 910 1783 patrui
929 1736 1052 1776 viduae,
1072 1736 1262 1771 calumnias
1281 1736 1428 1784 dispulit,
1450 1749 1528 1784 quae
1552 1737 1662 1772 famu—

238 1796 288 1830 los
319 1794 420 1842 ipsius
451 1795 518 1829 vim
549 1794 663 1829 feciali
695 1794 840 1829 intulifl'e
876 1795 1026 1835 causata,
1062 1795 1183 1842 capitis
1218 1795 1442 1831 arceffiverat.
1508 1796 1654 1831 Davidis

241 1854 359 1889 Humii
380 1855 544 1901 impetum
573 1866 712 1901 quoque
740 1853 889 1900 repressit
918 1854 1010 1901 (erat
1034 1854 1061 1889 is
1088 1854 1323 1889 Manderstoni
1346 1854 1444 1896 filius,
1482 1855 1662 1890 Crenchis-

240 1913 339 1948 dinus
364 1913 495 1959 difi'ms)
516 1913 584 1960 qui,
613 1913 687 1959 ejus
714 1912 869 1947 absentia
896 1913 1052 1952 confisus,
1072 1913 1105 1947 in
1133 1919 1250 1954 terras,
1274 1925 1351 1960 quae
1380 1913 1608 1962 Ramriggum
1628 1920 1660 1949 et

244 1973 450 2007 Suintonum
477 1971 563 2006 inter
595 1971 820 2006 contraversae
850 1971 991 2018 jacent,
1035 1971 1239 2019 Simpriniae,
1272 1984 1378 2019 quam
1407 1972 1498 2007 dono
1531 1986 1551 2007 a
1582 1973 1660 2008 fisco

240 2030 385 2077 accepit,
404 2029 576 2065 vindicare
603 2035 765 2077 coeperat,
795 2036 829 2065 et
856 2030 993 2064 tertium
1013 2031 1046 2065 se
1071 2030 1226 2077 Georgio
1253 2037 1287 2065 et
1314 2030 1465 2066 Johanni
1489 2032 1660 2067 Suintono

240 2089 449 2135 litigatorem
462 2088 600 2130 addere,
615 2089 699 2124 acin
717 2089 951 2136 poss'effioncm
964 2089 1242 2137 qualemcunque
1257 2090 1290 2125 se
1306 2090 1490 2125 intrudere.
1533 2091 1661 2125 Verum

242 2148 358 2183 David
376 2147 490 2188 frater,
508 2146 565 2182 ubi
585 2147 616 2181 id
633 2148 763 2182 rescivit
783 2148 851 2194 agi,
866 2148 977 2182 scribit
994 2148 1037 2183 ad
1058 2147 1238 2195 Ramriggi
1254 2149 1395 2184 colonos
1410 2162 1452 2184 ne
1468 2149 1501 2183 id
1516 2150 1659 2191 fcrrent3

241 2207 283 2249 se,
304 2205 328 2241 fi
347 2218 433 2253 opus
452 2205 499 2247 fit,
517 2206 643 2240 auxilio
660 2212 860 2249 venturum3
889 2206 983 2241 simul
1000 2213 1034 2241 et
1046 2207 1158 2241 fratris
1178 2207 1359 2242 clientibus
1374 2207 1532 2242 omnibus
1546 2207 1661 2247 edicit,

242 2272 277 2300 ut
296 2266 328 2300 in
348 2265 449 2300 armis
477 2264 586 2312 parati
613 2264 684 2306 sint,
706 2277 774 2312 quo
800 2278 886 2312 opus
905 2265 942 2300 fit
970 2266 1060 2300 duci.
1115 2266 1202 2313 Ipse,
1232 2266 1345 2300 Edino
1376 2266 1598 2313 Langtonum
1618 2266 1661 2301 ad

241 2324 400 2364 sororem,
419 2330 456 2359 ut
474 2323 506 2358 in
526 2323 719 2370 propinquo
747 2323 838 2366 esset,
859 2325 961 2367 venit,
982 2325 1165 2372 maritique
1192 2325 1344 2367 clientes,
1367 2324 1409 2360 ad
1436 2325 1468 2359 id
1496 2325 1604 2372 ipsum
1625 2332 1660 2360 ut
