1922 2767
706 286 1220 324 WEDDERBURNENSI.
1625 297 1671 333 49

259 389 404 436 petbius,
425 389 562 436 aliique,
584 394 619 423 et
637 388 770 423 nobiles
796 388 962 436 quosdam
983 389 1174 426 Lothianos
1200 391 1233 425 in
1256 397 1370 439 partes
1389 393 1464 427 suas
1483 398 1666 436 traxerunt,

261 447 504 487 Ormistonum,
520 447 794 489 Clerkintonum,
814 447 1090 489 Colstontonum,
1107 449 1320 490 Binstonum,
1334 456 1370 485 ut
1386 450 1530 486 Davidis
1549 452 1668 487 autho-

257 506 391 541 ritatem
410 506 534 553 quibus
552 506 683 553 pofl'ent
703 505 833 542 artibus
850 506 1054 542 mInuerent.
1108 507 1318 549 Accesserat,
1338 514 1396 543 aut
1424 510 1546 544 auctor
1565 511 1669 545 etiam

256 564 367 599 fuerat
389 564 586 599 Alexander
612 564 888 606 Manderstonus,
918 578 1021 612 quern
1040 566 1187 602 diximus
1206 567 1239 601 in
1258 579 1387 614 magna
1405 568 1497 615 apud
1518 568 1668 604 Alexan-

256 623 353 658 drum
380 624 567 671 principem
594 624 716 671 gratia,
739 630 772 658 et
800 623 940 659 familiae
972 625 1170 671 praefectus,
1190 631 1224 660 et
1252 626 1428 661 a&ionum
1455 627 1486 662 ei
1516 628 1669 663 omnium

256 682 378 717 auetor
396 688 429 717 et
448 682 653 724 moderator,
674 682 762 717 adeo
781 688 818 716 ut
837 682 880 717 ab
896 695 937 717 eo
965 683 1131 730 penderet
1152 690 1255 726 totus,
1277 690 1309 720 et
1329 685 1472 721 clientes
1491 686 1563 733 ejus
1590 699 1669 721 eum

255 753 316 788 pro
335 741 473 775 domino
493 741 725 788 sequerentur.
778 741 929 787 Nigrum
951 741 1017 777 hoc
1035 742 1149 778 foedus
1175 743 1280 790 vulgo
1299 743 1499 779 vocabatur.
1553 744 1669 780 Etiam

256 807 374 846 aperta
392 812 446 834 res
464 806 546 842 erat,
568 806 604 834 ut
623 800 655 834 in
675 800 821 834 limitum
834 800 990 847 juridicis
1009 801 1236 837 conventibus
1255 814 1366 837 rerum
1389 803 1667 850 repetundarum,

255 858 343 899 hinc,
364 858 465 899 illinc,
487 857 581 905 quasi
599 858 762 905 oppofitae
781 859 872 894 acies
897 859 1034 895 starent.
1083 860 1362 896 WVedderburnio
1382 861 1526 897 aderant
1547 862 1669 898 Blaca-

255 917 379 959 darius,
401 923 434 951 et
456 917 725 952 Coldencnolius
745 918 822 957 uni;
851 918 965 953 caeteri
984 919 1196 966 spectatores
1215 925 1250 954 et
1277 926 1418 955 neutros
1437 921 1469 955 se
1488 921 1668 968 gerebant.

256 975 334 1011 Hoc
354 987 431 1011 cum
450 976 587 1023 pluries,
608 976 786 1022 spectante
804 982 950 1024 utraque
975 977 1126 1019 natione,
1148 978 1281 1013 faetum
1300 978 1422 1021 fuisset,
1444 979 1595 1026 quodam
1614 979 1669 1015 die

254 1047 332 1070 cum
351 1035 490 1070 domum
510 1035 668 1076 redirent,
689 1041 723 1069 et
742 1036 828 1070 inter
847 1042 989 1071 caeteros
1009 1035 1275 1071 Manderstonus
1290 1036 1382 1079 esset,
1403 1037 1571 1085 indignati
1586 1051 1668 1073 non-

254 1094 336 1128 nulli
358 1093 635 1128 Wedderburnio
654 1093 806 1135 suadere,
827 1106 870 1128 ne
888 1094 1134 1129 foederatorum
1154 1095 1386 1142 arrogantiam
1402 1095 1530 1131 diutius
1544 1097 1668 1137 ferret;

255 1152 310 1187 ille
329 1158 457 1194 contra,
478 1165 542 1187 nec
563 1152 788 1187 Blacadarius
814 1153 936 1195 minus,
957 1166 1085 1200 negare
1105 1154 1137 1188 se
1157 1154 1216 1188 suo
1235 1154 1401 1201 sanguine
1430 1167 1551 1190 manus
1578 1168 1670 1191 com-

254 1211 508 1253 maculaturos3
528 1212 640 1246 furere
660 1223 739 1245 eum
758 1223 848 1246 nunc
862 1212 1038 1258 juvenem,
1052 1212 1205 1247 futurum
1220 1218 1256 1247 ut
1275 1213 1385 1247 senior
1399 1214 1511 1261 magis
1525 1215 1668 1262 saperet,

254 1276 288 1306 et
306 1282 454 1305 errorem
474 1270 682 1317 agniturum.
738 1270 912 1317 Quicquid
938 1276 1053 1305 autem
1073 1271 1175 1305 suerit
1202 1271 1295 1318 quod
1323 1272 1419 1307 fatuo
1448 1272 1514 1308 hoc
1540 1273 1670 1309 foedere

254 1329 549 1371 machinabantur,
572 1341 675 1362 unum
704 1328 944 1363 tantummodo
964 1329 1037 1376 ejus
1056 1329 1218 1364 effectum
1247 1329 1311 1365 hoc
1330 1330 1468 1377 prodiit.
1523 1331 1604 1367 Sive
1622 1333 1670 1367 illi

253 1388 425 1424 Joannem
448 1388 624 1423 Stuartum
646 1387 924 1434 Coldinghamiae
952 1388 1243 1428 coenobiarcham,
1262 1387 1328 1423 five
1348 1389 1421 1436 ejus
1440 1401 1525 1424 uxor
1543 1390 1617 1426 illos
1635 1391 1669 1426 in

252 1453 367 1494 partes
394 1447 507 1486 traxit,
537 1446 646 1481 Kellae
674 1446 838 1486 decimas,
870 1446 1225 1481 Wedderburniorum
1255 1453 1407 1482 veterem
1435 1448 1669 1495 poss‘effionem

253 1506 378 1541 auferri
409 1506 551 1546 Davidi,
581 1506 637 1540 sed
666 1506 759 1540 irrito
789 1511 926 1546 conatu,
954 1505 1023 1540 nixi
1051 1506 1138 1540 sunt.
1193 1505 1338 1541 Constat
1360 1506 1571 1548 Steuartum,
1598 1520 1669 1543 rem

253 1565 501 1606 abominatum,
522 1572 567 1605 et,
588 1571 624 1599 ut
643 1570 715 1599 erat
734 1564 806 1598 miti
826 1563 976 1611 ingenio,
993 1570 1027 1598 et
1046 1565 1103 1611 qui
1117 1576 1236 1599 omnes
1251 1565 1435 1612 provinciae
1449 1565 1592 1608 nobiles,
1609 1567 1669 1602 im-

254 1624 370 1671 primis
391 1623 573 1665 Davidem,
594 1624 724 1657 summa
743 1622 975 1658 familiaritate
995 1623 1304 1669 complectabatur,
1325 1624 1544 1672 viciffemque
1564 1625 1607 1660 ab
1627 1638 1668 1660 eo

253 1688 387 1717 amatus
406 1688 440 1717 et
458 1682 569 1717 cultus
588 1681 680 1723 esset,
697 1694 775 1716 cum
790 1681 951 1717 inducere
966 1682 999 1716 in
1016 1682 1166 1716 animum
1182 1694 1250 1716 non
1266 1682 1373 1729 poss'et
1388 1694 1467 1717 eum
1482 1683 1666 1726 offendere,

252 1753 316 1776 nec
335 1742 449 1776 uxoris
462 1740 756 1788 importunitatem
774 1741 888 1781 ferret,
901 1741 1082 1788 pertaesum
1100 1740 1148 1775 rei
1168 1740 1212 1775 ad
1231 1740 1404 1776 Jacobum
1422 1741 1575 1784 fratrem,
1597 1748 1669 1777 tum

252 1812 446 1848 proregem,
472 1800 530 1847 qui
558 1799 810 1847 profectionem
837 1799 870 1834 iu
890 1799 1173 1847 septentrionales
1198 1800 1295 1847 regni
1323 1805 1438 1847 partes
1464 1800 1667 1841 adornabat,

253 1859 380 1901 abiiss'e,
401 1871 513 1906 eoque
531 1864 701 1906 praetextu
730 1859 763 1893 se
791 1858 839 1893 rei
867 1858 1030 1906 gerendae
1058 1857 1262 1893 subduxisse.
1316 1858 1370 1894 Eo
1401 1859 1553 1902 absente,
1585 1872 1669 1894 uxor

252 1919 319 1952 suae
337 1918 498 1952 fa&i0nis
516 1917 685 1958 homines,
704 1917 791 1952 stato
810 1916 877 1957 die,
897 1917 1010 1952 adesse
1030 1917 1142 1965 jubet,
1163 1923 1197 1952 et
1215 1917 1366 1964 plaustra
1381 1930 1421 1952 ac
1440 1918 1568 1959 trahas,
1588 1919 1668 1954 alia-

252 1989 320 2024 que
339 1976 594 2023 comportandis
619 1976 776 2024 frugibus
803 1982 884 2024 apta
913 1976 1137 2011 instrumenta
1163 1976 1357 2017 adducere3
1387 1976 1480 2024 quod
1499 1983 1533 2012 et
1552 1977 1668 2012 sedulo

252 2035 396 2070 fafitum.
450 2035 579 2069 Verum
602 2034 909 2078 Wedderburnius‚
926 2047 1004 2070 cum
1019 2035 1138 2070 amicis
1153 2047 1240 2082 quos
1256 2035 1415 2075 diximus,
1431 2035 1589 2071 colle<ffis
1608 2037 1668 2071 cir-

253 2095 336 2129 citer
350 2094 547 2142 quingentis
565 2094 751 2141 equitibus,
770 2100 918 2142 occupat
937 2094 970 2129 in
990 2106 1111 2141 agrum
1125 2094 1252 2136 venire,
1273 2099 1308 2129 et
1326 2093 1594 2129 adversariorum
1614 2108 1668 2129 co-

253 2160 373 2189 euntes
391 2160 530 2194 turmas,
554 2159 739 2200 antequam
759 2153 792 2188 in
812 2165 917 2188 unum
936 2152 1112 2193 venissent,
1140 2152 1283 2200 diffipat,
1304 2153 1455 2200 plaustra
1474 2153 1586 2195 caedit,
1613 2154 1667 2200 ju-

252 2219 368 2248 menta
387 2212 492 2253 solvit,
519 2223 559 2246 ac
587 2211 705 2258 abigit,
735 2218 768 2247 et
795 2212 895 2260 ipsos,
927 2212 1017 2260 [qui]
1047 2224 1126 2247 cum
1159 2211 1288 2246 Stuarti
1320 2223 1424 2246 uxore
1453 2210 1665 2258 (Hepburna

252 2272 345 2307 dieta
365 2271 423 2311 est,
444 2270 540 2317 prisci
562 2269 734 2305 Bothuelii
759 2271 867 2316 soror)
899 2271 1120 2310 advenerant,
1148 2271 1281 2317 fugere,
1310 2270 1432 2316 ipsam,
1461 2281 1496 2303 re
1525 2269 1664 2311 infecta,

251 2330 424 2366 discedere
444 2329 558 2377 cogit;
581 2329 700 2376 paucis
718 2329 870 2376 pulsatis,
894 2329 1073 2364 vulnerato
1092 2328 1240 2371 nemine,
1260 2340 1377 2363 verum
1396 2333 1492 2362 tanto
1511 2327 1668 2363 omnibus

1429 2398 1451 2420 G
