1922 2767
671 270 1186 308 WEDDERBURNENSI.
1592 278 1638 310 35

222 363 362 405 monito,
379 368 413 397 et
431 361 655 409 profectionis
673 361 810 397 causam
829 361 1015 402 indicante,
1031 362 1074 397 ab
1090 374 1202 409 eoque
1221 362 1379 410 probata,
1398 370 1432 398 et
1451 365 1550 398 venia
1577 365 1636 398 im-

219 427 362 468 petrata,
384 420 534 455 Edinum
554 426 612 455 aut
627 432 804 468 quoquam
819 425 915 455 extra
934 421 1144 467 provinciam
1164 421 1400 468 proficiscenti.
1456 421 1554 457 Unus
1570 421 1636 457 Ro-

220 480 334 515 bertus
362 479 575 515 Blacadarus
597 478 875 526 Coldinghamiae
902 478 1156 521 coenobiarcha,
1186 492 1227 514 ex
1258 486 1372 514 vetere
1402 480 1578 515 inimicitia
1604 487 1638 515 et

218 539 357 581 recenti,
378 538 423 573 ob
443 538 714 573 Blacadarorum
741 537 994 585 patrimonium,
1021 537 1102 572 odio
1128 538 1291 578 infensus,
1311 538 1493 573 conatibus
1512 539 1586 585 ejus
1604 540 1637 574 se

217 597 427 645 opponebat.
480 597 610 632 Verum
625 609 703 632 cum
722 597 809 631 inter
822 596 1016 631 venandum
1031 597 1119 632 forte
1134 596 1365 637 occurrissent,
1385 597 1458 644 pari
1478 598 1636 644 utrinque

216 669 369 698 numerO,
391 656 478 691 adeo
497 656 618 691 infeste
645 661 878 695 occurrerunt,
898 655 986 690 adeo
1013 655 1234 702 pertinaciter
1260 663 1470 703 pugnarunt,
1499 656 1636 691 nemine

220 722 402 762 patronum
421 715 609 755 deserente,
626 722 662 749 ut
677 714 862 749 vulneratis
881 727 923 749 ex
948 714 1213 749 Wedderburnii
1228 720 1326 761 parte
1345 727 1450 761 quam
1469 715 1633 762 plurimis,

216 774 323 809 altera
351 786 429 821 pars
447 779 520 808 tota
542 786 620 808 cum
647 773 786 808 domino
814 773 1047 808 internecione
1076 773 1189 808 occisa
1216 772 1267 808 fit.
1321 773 1469 808 Factum
1498 774 1563 809 hoc
1592 775 1636 809 ad

221 831 494 867 Lambertonum
509 832 554 867 ait
573 831 807 874 Holinfidius;
828 832 883 866 alii
897 832 940 867 ad
958 831 1176 879 Harcragum
1193 832 1256 879 (ad
1273 832 1388 880 Ayum
1405 845 1540 868 amnem
1557 834 1636 868 saxa

215 903 256 925 ea
275 891 367 937 sunt)
388 891 484 926 fuisse
503 891 634 926 volunt.
688 890 743 925 Ex
762 903 803 926 eo
822 903 924 926 nemo
943 892 976 926 se
995 891 1026 926 ei
1045 903 1221 938 opponere
1240 891 1404 926 audebat.
1451 891 1573 939 Itaque
1592 893 1635 927 ad

216 963 323 991 arces,
342 964 428 999 quas
447 951 600 993 dederat,
621 950 875 998 recuperandas
895 950 1046 985 animum
1066 950 1214 997 adjecit:
1233 956 1268 985 et
1286 951 1395 997 primo
1415 951 1510 985 suam
1528 950 1635 986 Wed-

215 1009 434 1045 derburniam
462 1010 528 1044 hac
554 1009 698 1044 ratione.
753 1009 843 1044 Cum
873 1009 1052 1044 custodum
1083 1022 1161 1056 pars
1190 1009 1347 1044 Dunsum
1376 1009 1420 1044 ad
1447 1016 1636 1045 mercatum

215 1068 299 1109 ifl'et,
318 1081 377 1104 eos
396 1069 615 1116 inopinantes
642 1068 818 1116 aggressus
847 1068 948 1115 cepit,
973 1074 1093 1115 captos
1122 1067 1425 1103 Wedderburnum
1452 1068 1556 1110 ducit,
1585 1069 1636 1103 iis-

215 1140 294 1174 que,
315 1128 373 1175 qui
392 1128 483 1162 intus
502 1127 744 1168 remanserant,
765 1126 922 1168 ostendit,
943 1127 1092 1161 minatus
1111 1132 1144 1161 et
1163 1126 1203 1161 iis
1222 1139 1309 1174 quos
1333 1134 1453 1174 captos
1472 1127 1633 1168 habebat,

216 1192 250 1220 et
276 1186 364 1233 ipsis,
392 1186 425 1220 ni
454 1192 587 1220 mature
618 1197 732 1220 arcem
759 1184 900 1225 dedant,
919 1185 1072 1220 exitium.
1128 1185 1219 1220 Cum
1246 1185 1491 1232 pertinaciores
1516 1185 1632 1227 effent,

216 1245 300 1291 erigi
319 1257 438 1280 cruces
459 1244 581 1292 jubet:
608 1244 690 1278 dum
709 1243 889 1286 ducuntur,
911 1244 1052 1291 quidam
1071 1244 1211 1278 natione
1232 1244 1367 1285 Gallus,
1386 1244 1559 1279 Joannem
1578 1258 1634 1280 vo—

217 1302 353 1344 cabant,
375 1302 553 1350 parvulum
571 1302 646 1349 (alii
662 1302 873 1350 elegantem,
892 1310 1051 1349 corrupta
1070 1314 1155 1337 voce
1177 1302 1332 1349 Gallica)
1363 1310 1436 1338 arte
1464 1310 1634 1338 tormenta

217 1361 411 1396 collimaudi
431 1360 580 1408 insignis,
600 1361 762 1408 praefatus
781 1360 862 1395 nihil
882 1360 940 1408 ipfi
956 1361 1170 1408 profuturam
1190 1373 1309 1396 eorum
1327 1368 1484 1402 mortem,
1503 1362 1562 1397 det
1581 1375 1635 1397 ve-

215 1421 307 1455 niam
327 1420 440 1460 modo,
459 1421 493 1455 se
511 1432 625 1455 arcem
640 1420 670 1454 ei
686 1420 718 1454 in
734 1432 875 1454 manum
889 1419 1104 1454 traditurum.
1158 1419 1243 1454 Inde
1262 1419 1634 1467 permiss'us,'custodes,

215 1479 273 1526 qui
292 1479 383 1513 intus
401 1485 508 1520 erant,
530 1478 724 1525 alloquitur,
746 1478 864 1513 suadet
880 1490 993 1513 arcem
1008 1478 1147 1513 domino
1163 1477 1303 1519 dedant,
1322 1479 1443 1514 frustra
1462 1479 1632 1521 obsistere,

215 1538 298 1572 scire
317 1538 350 1572 se
369 1545 453 1584 quot
468 1543 502 1572 et
520 1537 579 1584 qui
598 1537 689 1572 intus
706 1537 781 1579 fuit,
802 1544 836 1571 et
855 1549 925 1584 qua
943 1549 1089 1572 annonae
1108 1537 1224 1584 inopia
1242 1549 1371 1585 paucos
1390 1538 1462 1573 dies
1476 1538 1634 1574 suffectu-

216 1610 271 1631 rae.
327 1596 417 1631 Cum
436 1609 503 1630 non
524 1596 755 1643 persuaderet,
774 1596 892 1630 omiflb
912 1596 1097 1643 colloquio,
1116 1602 1287 1631 tormento
1307 1609 1425 1632 eorum
1444 1609 1549 1632 unum
1568 1604 1634 1632 tra-

211 1656 298 1702 jicit,
317 1668 357 1690 ac
376 1662 457 1690 tunc
476 1654 619 1689 vinculis
638 1654 777 1697 solutus,
798 1667 878 1689 nam
906 1662 1009 1689 antea
1028 1654 1072 1689 ad
1094 1654 1272 1690 Simonem
1293 1655 1500 1703 Panangum
1518 1656 1633 1691 vinxe-

216 1721 300 1757 rant,
321 1727 364 1749 ne
382 1714 564 1761 effugeret.
617 1713 800 1755 Custodes,
821 1726 899 1748 cum
918 1713 1000 1748 nihil
1019 1713 1089 1761 spei
1111 1714 1242 1761 uspiam
1261 1714 1353 1755 effet,
1372 1723 1406 1749 et
1425 1715 1536 1750 vic‘tus
1554 1715 1635 1750 defi-

216 1780 320 1813 ceret,
339 1773 498 1821 postridie
518 1773 550 1808 se
566 1785 606 1807 ac
625 1785 739 1808 arcem
766 1772 981 1814 dediderunt,
1002 1779 1036 1807 et
1055 1773 1244 1808 incolumes
1270 1773 1411 1809 demiffi.
1464 1773 1526 1809 Ille
1557 1787 1635 1809 cum

218 1831 353 1867 Davide
372 1832 526 1872 substitit,
546 1838 580 1866 et
599 1832 688 1879 saepe
707 1831 843 1866 fidelem
863 1831 893 1866 ei
913 1843 1054 1878 operam
1081 1831 1246 1879 praestitit.
1300 1831 1385 1867 Inde
1404 1832 1448 1867 ad
1469 1831 1635 1867 Humiam

217 1902 329 1925 arcem
348 1891 423 1932 itur,
444 1903 549 1938 quam
569 1903 636 1925 non
656 1889 798 1925 abfimili
818 1890 933 1930 modo,
953 1889 1053 1937 hujus
1072 1889 1174 1937 ipfius
1188 1889 1333 1925 Joannis
1351 1891 1500 1926 maxime
1515 1904 1631 1939 opera,

219 1957 430 1996 receperunt.
486 1949 578 1984 Tum
597 1949 640 1984 ad
663 1948 907 1997 Langtoniam,
929 1961 1007 1996 quae
1025 1954 1059 1984 et
1078 1949 1150 1996 ipsa
1168 1949 1286 1984 dedita
1304 1949 1364 1990 est,
1384 1956 1489 1997 atque
1507 1950 1566 1992 ita,
1586 1964 1636 1986 re-

219 2008 389 2055 cuperatis
407 2008 575 2050 omnibus,
596 2020 637 2043 ac
655 2008 688 2042 in
708 2008 888 2055 antiquum
915 2007 1016 2055 plane
1035 2007 1206 2050 restitutis,
1236 2021 1295 2044 eas
1313 2014 1348 2044 et
1375 2014 1483 2044 totam
1502 2010 1635 2057 provin-

219 2067 319 2106 ciam,
338 2067 473 2101 nemine
492 2072 719 2114 repugnante,
738 2066 924 2101 obnoxiam
938 2066 998 2101 fibi
1012 2066 1106 2102 fecit.
1148 2066 1260 2110 Tunc,
1277 2073 1314 2102 ut
1329 2080 1415 2108 reor,
1430 2068 1635 2115 potissimum

222 2124 413 2171 Georgium
431 2124 574 2167 reduxit,
595 2131 790 2173 caeteraque
809 2125 953 2173 peregit,
970 2125 1013 2160 de
1031 2125 1157 2173 quibus
1171 2126 1283 2173 supra.
1337 2125 1544 2161 Restitutum
1561 2126 1634 2161 Du-

219 2184 331 2232 glafiis
351 2185 499 2219 amicum
519 2184 654 2231 penitus
672 2184 830 2225 reddidit,
851 2184 884 2219 id
902 2184 1051 2219 maxime
1069 2197 1088 2219 e
1103 2197 1139 2219 re
1158 2185 1333 2232 utriusque
1352 2185 1493 2220 ducens.
1548 2185 1633 2232 Ipse,

219 2243 310 2278 haud
330 2242 453 2277 dubius
472 2255 589 2277 earum
604 2243 762 2290 partium,
782 2250 902 2278 mutua
920 2244 1051 2290 semper
1070 2255 1136 2290 ope
1151 2250 1185 2278 et
1199 2243 1290 2290 juvit
1310 2256 1381 2285 eos,
1400 2250 1434 2279 et
1453 2244 1497 2278 ab
1516 2244 1555 2279 iis
1574 2244 1632 2279 ad-

214 2303 310 2349 jutus
325 2316 334 2344 3
353 2314 432 2337 nam
449 2301 624 2338 Gulielmo
642 2302 783 2349 Angufii
798 2302 891 2337 fratri
907 2302 940 2337 in
955 2303 1161 2339 vindicando
1179 2302 1456 2351 Coldinghamiae
1471 2303 1631 2338 coenobio
