1922 2767
263 285 310 321 64
724 283 791 319 DE
820 282 1040 320 FAMILIA
1068 281 1242 318 HUMIA

263 400 367 436 quam
386 400 406 422 a
423 393 531 423 matre
558 387 713 423 relictam
739 387 896 430 diximus,
917 387 950 422 in
969 386 1084 422 dotem
1112 391 1266 434 accepta,
1289 384 1320 420 in
1340 390 1540 420 caeterorum
1564 383 1670 419 bono-

263 458 336 481 rum
355 452 487 494 partem
505 459 572 481 non
591 452 742 481 venerat.
796 446 922 486 David,
941 459 961 481 a
979 451 1075 493 patre
1094 451 1256 480 executor
1274 456 1352 479 cum
1369 444 1524 491 Georgio
1542 454 1672 478 nuncu·

265 512 377 552 patus,
397 511 432 540 et
449 505 561 540 fratris
580 517 695 540 amore
715 504 791 552 (qui
820 510 892 539 erat
922 505 1022 552 supra
1049 504 1110 539 aevi
1137 503 1239 550 hujus
1260 502 1437 550 exempla)
1457 508 1491 537 et
1517 502 1565 537 rei
1592 513 1672 536 con-

263 569 406 611 temptu,
427 569 461 599 et
474 564 580 599 literis
598 563 792 605 immodice,
809 569 846 598 ut
859 562 962 610 vulgo
977 562 1179 602 habebatur,
1195 561 1341 603 deditus,
1358 567 1392 596 et
1405 559 1515 595 aetatis
1529 560 1671 601 incuria,

264 628 298 657 et
317 634 428 657 rerum
452 622 615 664 omnium,
635 621 695 656 nifi
720 628 757 656 ut
781 621 828 656 illi
846 621 1009 668 placeret,
1028 620 1142 655 officio
1161 625 1302 667 rogatus
1321 618 1473 659 cefferat,
1492 619 1596 653 etiam
1614 618 1674 653 bo-

263 693 384 715 norum
403 693 444 715 ea
470 687 576 728 parte,
603 693 682 728 quae
708 686 872 727 tanquam
901 679 944 714 ad
970 679 1140 714 haeredem
1169 678 1337 718 redibant,
1365 677 1585 717 abstinuerat,
1609 689 1674 712 nec

263 740 447 787 quicquam
466 739 525 774 fibi
544 739 738 786 arrogabat,
759 751 822 774 nec
841 737 900 773 nifi
919 737 962 772 ab
981 738 1069 772 illius
1084 737 1234 777 arbitrio,
1250 737 1302 771 cui
1319 736 1434 771 omnia
1452 735 1672 783 permittebat

264 804 298 833 et
316 798 491 840 credebat,
512 798 662 845 pendere
681 797 797 832 voluit.
852 796 977 831 Caeteri
997 796 1066 830 duo
1083 795 1214 830 minimi
1239 795 1361 830 fratres
1387 807 1427 830 ac
1449 795 1578 829 sorores
1596 794 1674 829 toti-

264 857 343 892 dem
372 857 445 904 ejus
473 857 666 904 exemplum
695 856 810 891 secuti.
864 855 959 903 Ergo
978 855 1057 889 satis
1083 854 1197 901 ampla
1216 854 1249 889 in
1268 867 1313 896 re,
1334 866 1412 889 cum
1432 853 1562 888 videret
1580 854 1613 888 se
1639 852 1673 888 id

263 915 356 950 haud
374 915 590 950 incommode
618 915 775 962 praestare
802 913 903 961 posse,
924 913 1034 960 prima
1053 913 1084 948 ei
1112 925 1194 948 cura
1211 913 1275 947 fuit
1294 912 1468 954 familiam,
1497 911 1588 947 unde
1614 924 1674 947 no-

265 986 374 1009 vercae
392 973 546 1009 sordibus
565 973 779 1021 aliquantum
797 971 983 1012 deciderat,
1006 971 1038 1005 in
1066 971 1243 1018 pristinum
1272 970 1485 1018 splendorem
1504 976 1538 1005 et
1556 970 1674 1018 ampli-

266 1031 420 1067 tudinem
446 1032 631 1073 restituere,
652 1038 744 1066 ratus
763 1031 796 1065 id
815 1030 874 1065 fibi
898 1030 1046 1065 maxime
1072 1029 1296 1064 honorificum
1323 1036 1357 1064 et
1376 1029 1419 1064 ad
1437 1030 1576 1071 famam,
1597 1042 1674 1077 quae

267 1090 327 1126 sub
346 1103 458 1126 rerum
486 1090 670 1138 primordia
695 1089 834 1124 maximi
858 1088 1023 1123 momenti
1041 1088 1100 1130 est,
1120 1096 1155 1123 et
1173 1087 1404 1130 neceffarium,
1425 1093 1462 1122 ut
1487 1094 1560 1122 tum
1578 1094 1674 1123 erant

266 1156 434 1197 tempora,
455 1149 499 1184 ad
529 1149 768 1184 auctoritatem
789 1148 822 1182 in
841 1147 880 1182 iis
898 1146 1096 1194 regionibus
1121 1146 1303 1181 limitaneis
1328 1145 1554 1181 retinendam.
1608 1145 1674 1181 Ita-

266 1221 334 1256 que
352 1208 430 1243 satis
452 1220 579 1255 magno
604 1207 769 1242 comitatu
798 1207 831 1241 se
857 1206 976 1253 cingit,
1004 1205 1170 1240 familiam
1201 1217 1365 1252 magnam
1393 1204 1453 1239 alit
1481 1204 1676 1240 octodecim

266 1267 399 1302 circiter
417 1267 581 1314 equitum,
602 1265 726 1313 quibus
744 1265 883 1312 fingulis
902 1264 1000 1300 binos
1020 1276 1139 1312 equos,
1159 1269 1192 1298 et
1207 1263 1442 1310 pedissequum
1460 1275 1565 1298 unum
1585 1263 1676 1298 alere

269 1325 475 1360 concessum.
526 1324 604 1359 Nec
622 1324 725 1371 longe
744 1324 823 1358 villa
846 1323 1117 1371 Kimmergamia
1137 1322 1278 1365 aberat,
1299 1322 1372 1369 ejus
1391 1322 1513 1364 coloni,
1534 1334 1676 1357 numero

268 1384 400 1419 circiter
418 1383 621 1425 duodecem,
644 1396 663 1417 a
682 1382 878 1430 majoribus,
899 1382 1000 1429 hujus
1018 1381 1185 1417 servitutis
1203 1381 1320 1428 generi
1339 1379 1470 1421 assueti,
1488 1393 1556 1416 non
1576 1393 1676 1428 agros

266 1443 378 1490 magis
396 1455 498 1490 quam
519 1455 626 1490 equos
645 1441 819 1483 colebant,
841 1446 876 1476 et
895 1441 996 1476 armis
1016 1440 1259 1482 assuescebant,
1280 1439 1323 1474 ad
1339 1452 1444 1487 opera
1462 1439 1584 1474 rustica
1603 1452 1677 1474 raro

267 1502 402 1549 seipsos,
423 1513 599 1548 nunquam
618 1513 726 1548 equos
756 1499 993 1542 demittebant,
1014 1499 1172 1546 adeoque
1190 1498 1327 1539 nitidos,
1355 1504 1389 1533 et
1412 1499 1547 1533 veloces
1572 1497 1677 1533 habe-

268 1561 363 1600 bant,
383 1566 419 1595 ut
450 1572 527 1595 cum
547 1560 699 1601 domino,
721 1559 876 1606 illiusque
896 1558 1099 1599 domesticis,
1121 1563 1315 1600 certarent3
1343 1557 1402 1604 ipsi
1426 1557 1469 1592 ad
1487 1555 1597 1591 subita
1615 1557 1674 1591 im-

270 1620 366 1665 peria
399 1619 530 1666 semper
561 1618 680 1666 parati,
710 1630 778 1665 quo
810 1617 947 1657 ducere,
971 1623 1030 1651 aut
1058 1617 1191 1651 mittere
1219 1616 1382 1664 placeret.
1435 1616 1486 1650 Ita
1505 1615 1620 1658 fiebat,
1640 1621 1677 1650 ut

269 1678 388 1725 viginti
408 1683 467 1712 aut
485 1677 624 1724 triginta
643 1676 825 1723 equitibus,
846 1676 923 1710 viris
941 1675 1076 1710 acribus
1091 1681 1124 1710 et
1142 1675 1318 1717 bellicosis,
1340 1675 1515 1710 accinctus
1541 1679 1579 1708 ut
1604 1674 1676 1721 plu-

268 1737 389 1771 rimum
409 1736 620 1783 procederet.
673 1735 751 1770 Nec
769 1734 890 1769 fefellit
909 1746 987 1768 eum
1006 1734 1133 1781 opinio.
1188 1733 1339 1768 Tantam
1354 1733 1419 1768 hoc
1437 1733 1467 1768 ei
1483 1732 1575 1780 apud
1594 1732 1675 1767 ami-

269 1807 338 1836 cos,
360 1794 522 1841 aliosque,
541 1794 669 1829 famam
689 1799 723 1828 et
742 1793 983 1828 auctoritatem
1010 1792 1152 1839 peperit,
1173 1797 1306 1826 tantum
1333 1791 1464 1826 aemulis
1482 1797 1610 1826 metum
1628 1791 1676 1825 in-

269 1853 373 1894 cuffit,
395 1860 431 1887 ut
449 1852 526 1900 ipfis
544 1852 647 1886 initiis
665 1851 777 1886 statim
797 1851 969 1893 cederent,
985 1863 1049 1886 nec
1067 1852 1100 1885 se
1119 1851 1194 1885 ullis
1213 1850 1286 1897 ejus
1304 1849 1484 1885 conatibus
1502 1862 1676 1897 opponere

270 1912 447 1946 auderent.
501 1911 671 1958 Apparuit
690 1910 723 1945 id
741 1911 860 1957 primo,
881 1922 958 1944 cum
980 1909 1246 1951 Coldinknollio,
1267 1909 1463 1944 certamine.

319 1969 403 2004 Erat
419 1970 445 2004 is
460 1969 575 2004 limitis
589 1968 761 2004 orientalis
776 1969 971 2016 praefectus,
985 1981 1053 2015 qua
1068 1968 1213 2002 diximus
1225 1967 1401 2002 occasione
1416 1973 1450 2002 et
1464 1973 1536 2002 arte
1550 1967 1676 2008 fac'tus,

273 2028 421 2068 Davide,
443 2028 586 2075 Georgii
605 2033 713 2074 patre,
732 2027 890 2061 frustrato
909 2033 943 2062 et
961 2027 1065 2061 eluso.
1111 2027 1234 2073 Magni
1253 2026 1286 2060 in
1305 2026 1575 2062 occidentalibus
1593 2039 1676 2074 prae-

270 2089 370 2135 cipue
390 2087 531 2122 Merciae
559 2086 726 2121 tractibus
755 2086 912 2127 nominis,
943 2085 1136 2120 Johannem
1167 2085 1393 2120 Cranstonum
1423 2085 1676 2120 Thirlestonum

271 2160 312 2182 ex
344 2158 427 2193 agro
464 2145 675 2184 Rumiltono,
709 2144 741 2178 in
775 2143 990 2178 Bruniifeildi
1022 2143 1195 2190 cujusdam
1225 2143 1381 2191 gratiam,
1414 2143 1612 2184 excluserat,
1644 2151 1677 2179 et

270 2205 425 2253 quamvis
447 2204 637 2239 Cranstono
655 2209 787 2238 certum
801 2203 858 2249 jus
877 2202 942 2237 ess'e.
961 2202 1070 2242 sciret,
1084 2202 1154 2237 lata
1172 2215 1191 2237 a
1206 2202 1480 2249 quindecimviris
1499 2203 1675 2243 sententia,

272 2271 306 2299 et
333 2263 434 2311 regiis
460 2262 564 2297 literis
590 2261 698 2309 juffils
731 2260 986 2303 Brunfiseildus,
1016 2273 1118 2308 poena
1148 2261 1389 2308 perduellionis
1419 2261 1559 2304 indicta,
1593 2274 1676 2309 agro

272 2322 393 2358 cedere
412 2321 544 2357 necess'e
558 2320 710 2362 haberet,
727 2326 841 2355 tamen
857 2320 888 2355 vi
906 2332 985 2355 eum
1001 2320 1124 2360 colere,
1139 2320 1245 2355 fretus
1263 2319 1494 2355 Coldinknolii
1510 2320 1673 2368 potentia,
