1922 2767
698 280 1214 317 WEDDERBURNENSI.
1615 282 1661 321 69

239 386 378 426 relictae,
390 385 433 421 de
450 385 545 421 terris
564 397 604 420 ac
619 384 760 420 decimis
776 384 819 419 ad
835 383 1031 419 coenobium
1049 384 1296 419 Caldistremiae
1311 385 1570 431 pertinentibus.
1608 385 1651 426 Is,

231 445 308 491 jure
330 444 489 491 superior,
516 456 595 478 cum
621 443 827 491 perspiceret
847 443 879 478 se
900 442 1107 477 Humiorum
1126 442 1251 477 viribus
1270 443 1446 489 imparem,
1468 449 1502 477 et
1520 450 1650 478 tantam

236 502 381 550 Georgii
408 503 663 545 auctoritatem,
693 509 729 537 ut
756 502 809 537 vel
836 501 1052 549 persuadere,
1080 501 1132 535 vel
1160 514 1285 548 cogere
1307 514 1366 535 eos
1389 501 1432 536 ad
1454 503 1652 548 {equitatem

234 561 351 609 poss'et,
378 574 457 597 cum
484 561 599 609 puella
626 561 788 608 placeret,
815 566 850 596 et
871 573 938 595 non
958 560 1151 607 displiceret
1169 560 1243 599 dos,
1263 566 1299 594 ut
1320 559 1511 607 Georgium
1527 561 1578 595 vel
1594 560 1651 595 fibi

227 621 402 668 jungeret,
423 621 475 655 vel
493 620 636 656 honesto
655 619 943 655 reconciliationis
962 619 1146 666 interprete
1171 624 1332 660 uteretur,
1354 631 1431 653 eam
1450 619 1650 654 affinitatem

231 680 379 720 secutus,
403 680 495 714 omni
521 692 588 727 ope
611 678 830 727 procurabat.
885 678 936 713 Illi
963 684 1082 713 contra
1101 677 1196 712 veriti
1215 690 1270 717 ne,
1289 677 1312 712 fi
1338 677 1371 711 id
1399 678 1651 712 matrimonium

231 738 347 781 coiret,
379 738 583 786 Georgium,
610 750 699 773 nova
726 737 892 772 affinitate
919 736 1129 778 devinehrm,
1158 742 1288 770 certum
1316 736 1446 770 bostem
1471 736 1648 779 haberent,

233 797 326 832 omni
345 803 418 832 arte
441 797 578 844 nuptias
599 796 737 831 turbare
756 796 870 831 conati
890 796 988 835 sunt3
1016 808 1105 830 nunc
1126 794 1332 842 aequioribus
1353 795 1384 829 in
1404 796 1551 842 speciem
1570 808 1648 830 con·

230 855 416 891 ditionibus
438 855 529 890 Caro
548 855 682 897 oblatis,
703 867 793 889 nunc
812 853 975 889 submissis
994 853 1234 888 communibus
1256 854 1386 893 amicis,
1413 854 1470 901 qui
1493 854 1648 902 Georgio

230 914 370 962 oblique
397 914 542 962 scrupuli
569 913 699 961 aliquid
722 913 920 961 injicerent3
947 918 982 947 et
1008 912 1101 947 varia
1128 911 1336 947 Humiorum
1363 913 1515 947 omniurn
1539 914 1646 960 genti,

227 985 269 1008 ex
295 973 445 1021 ipsorum
471 972 600 1008 diffidio
627 972 706 1007 inde
733 973 871 1012 orituro,
899 971 1119 1007 incommoda
1137 971 1380 1014 causarentur3
1410 984 1450 1006 ac
1470 971 1643 1007 blanditiis

230 1032 431 1074 mulcerent,
457 1045 498 1067 ac
526 1032 583 1079 spe
614 1032 781 1074 foverent,
811 1032 843 1066 se
868 1031 997 1078 suaque
1024 1030 1140 1065 omnia
1166 1030 1212 1064 illi
1240 1030 1466 1077 permiss'uros.
1519 1030 1648 1065 Verum

230 1091 311 1126 nihil
325 1091 371 1126 illi
386 1090 650 1138 persuadebant,
666 1096 699 1125 et
718 1090 809 1125 Caro
821 1089 928 1124 multo
944 1089 1065 1131 minus,
1083 1101 1211 1136 gnarus
1226 1101 1294 1135 quo
1310 1089 1488 1124 tenderent
1503 1102 1512 1129 ;
1531 1089 1649 1136 itaque

230 1163 309 1185 cum
335 1162 403 1184 non
430 1149 651 1185 succederent
679 1149 809 1196 obliqui
829 1149 1009 1190 sermones,
1031 1148 1162 1182 directe
1180 1160 1252 1182 rem
1271 1148 1530 1194 aggrediuntur.
1584 1148 1648 1183 Irn—

231 1208 357 1256 primis,
386 1208 664 1249 Manderstonus,
691 1208 876 1255 interprete
905 1207 1060 1254 Georgio
1087 1206 1304 1246 Turnibullo,
1334 1206 1587 1242 VVedderburni
1614 1208 1647 1242 in

233 1266 331 1302 Ulaeo
350 1267 484 1309 colono,
505 1272 539 1301 et
559 1266 747 1301 Alexandri
766 1266 898 1305 intimo,
914 1272 1032 1312 aperte
1050 1265 1365 1300 reconciliationem
1392 1271 1520 1312 petere,
1538 1267 1645 1313 poeni-

229 1333 302 1360 tere
329 1325 459 1368 diffidii,
488 1332 522 1360 et
548 1326 673 1373 partim
700 1325 784 1359 iram
811 1324 951 1366 causari,
972 1324 1095 1371 partim
1114 1329 1262 1358 erratum
1282 1324 1402 1364 fateri3
1429 1325 1520 1359 nolle
1538 1325 1644 1367 facta,

230 1397 308 1432 quae
326 1384 546 1427 obvenissent,
563 1384 620 1419 sed
639 1383 811 1431 praeterita
825 1383 976 1418 revocari
996 1395 1063 1418 non
1083 1382 1185 1430 posse,
1206 1383 1301 1418 faeta
1319 1383 1450 1418 infecta
1468 1396 1535 1418 non
1554 1384 1647 1432 posse

230 1443 308 1479 effe.
361 1443 440 1478 Effe
468 1443 662 1491 Georgium
688 1443 719 1477 ei
746 1443 779 1477 in
806 1442 1006 1489 principem,
1034 1442 1067 1476 se
1094 1454 1136 1476 ex
1158 1441 1232 1488 ejus
1251 1442 1382 1476 familia
1401 1448 1434 1476 et
1452 1442 1553 1489 stirpe
1581 1444 1645 1478 ori-

230 1502 370 1544 undum,
398 1515 463 1537 nec
489 1502 578 1537 adeo
604 1501 708 1548 longe
735 1501 902 1541 divulsos;
929 1500 963 1535 id
989 1499 1048 1535 fibi
1070 1500 1190 1534 honori
1212 1500 1349 1540 ducere,
1376 1512 1440 1535 nec
1459 1501 1646 1548 quiequam

230 1569 300 1596 tarn
318 1560 446 1596 habere
465 1561 498 1595 in
517 1560 615 1600 votis,
634 1572 738 1607 quam
757 1567 794 1594 ut
813 1559 970 1594 inservire
989 1559 1020 1594 ei
1045 1559 1153 1606 poffit,
1173 1572 1213 1593 ac
1232 1559 1384 1593 animum
1402 1559 1592 1601 ostendere,
1611 1568 1645 1596 et

230 1620 346 1667 aliqua
364 1619 437 1654 usui
455 1619 522 1654 effe
540 1619 680 1654 familiae
701 1618 1008 1658 Wedderburniae3
1027 1617 1194 1665 spondere
1212 1630 1363 1665 operam,
1378 1619 1494 1653 omnia
1508 1618 1645 1654 submis-

233 1679 370 1720 fiffime3
397 1679 547 1726 denique
566 1678 648 1713 nihil
667 1678 852 1718 omitteret,
871 1677 965 1725 quod
984 1677 1029 1712 ad
1043 1689 1122 1712 eum
1140 1677 1339 1712 leniendum
1355 1677 1496 1712 faceret.
1551 1678 1644 1713 Tan-

228 1738 305 1773 dem
321 1737 561 1786 compellando
576 1737 713 1778 affidue,
728 1736 952 1777 observando,
961 1736 1172 1783 spondendo,
1182 1736 1425 1777 submittendo,
1440 1750 1481 1772 eo
1496 1738 1641 1785 impulit,

230 1803 266 1832 ut
284 1797 412 1844 alloqui
431 1809 510 1832 eum
529 1796 717 1831 sustineret.
771 1795 919 1830 Factum
938 1795 986 1830 est
1004 1795 1038 1830 id
1057 1794 1237 1842 Jedburgi,
1258 1807 1327 1842 quo
1346 1808 1478 1842 prorex,
1499 1796 1543 1831 ad
1565 1809 1645 1832 con-

229 1862 349 1891 ventus
363 1855 528 1903 juridicos
545 1855 754 1897 habendum,
778 1860 930 1895 venerat,
952 1853 1146 1902 eodemque
1170 1854 1216 1888 illi
1240 1860 1276 1889 ut
1295 1854 1457 1897 adessent,
1479 1855 1644 1891 admoniti

229 1920 470 1950 convenerant.
518 1914 569 1949 Ibi
583 1914 676 1949 venit
693 1913 891 1948 Alexander
905 1913 939 1947 in
957 1913 1100 1960 Georgii
1116 1912 1312 1960 hospitium,
1325 1913 1383 1948 ubi
1396 1913 1518 1949 eadem
1531 1927 1646 1949 coram

230 1973 428 2021 repetendo,
449 1973 661 2013 affirmando,
672 1972 832 2020 jurando,
849 1972 987 2007 dextras
997 1971 1160 2019 jungunt,
1175 1972 1284 2019 primo
1299 1972 1465 2019 privatim,
1486 1973 1647 2020 postridie

230 2038 371 2080 aperte3
399 2045 442 2067 ex
460 2044 502 2067 eo
520 2032 565 2067 ad
585 2032 730 2080 Georgii
749 2031 840 2067 aedes
858 2031 1026 2066 ventitare
1045 2030 1211 2078 quotidie,
1231 2031 1276 2065 ad
1293 2031 1384 2066 fores
1399 2033 1584 2079 expectare
1600 2032 1633 2067 in

229 2091 375 2131 terdum,
394 2090 564 2126 interdum
582 2091 799 2131 introvenire,
818 2095 1002 2126 exeuntem
1021 2089 1064 2124 ad
1083 2089 1214 2137 regiam
1239 2089 1420 2132 deducere,
1447 2090 1648 2126 redeuntem

229 2150 404 2193 reducere,
425 2162 489 2185 nec
507 2149 581 2196 ejus
600 2162 620 2184 a
637 2149 744 2185 latere
763 2150 907 2197 usquam
925 2148 1098 2191 recedere,
1119 2149 1285 2196 quamdiu
1311 2149 1479 2197 Jedburgi
1498 2162 1647 2185 commo-

228 2209 295 2245 rati
311 2209 397 2244 sunt.
452 2207 521 2243 Ubi
536 2208 676 2243 domurn
691 2209 724 2243 in
741 2207 875 2243 Mercia
887 2208 1035 2243 reditum
1050 2207 1109 2248 est,
1126 2208 1209 2255 agit,
1226 2208 1372 2255 primum
1388 2208 1510 2243 eodem
1527 2208 1649 2243 Trum-

233 2268 337 2303 bellio
363 2268 559 2315 interprete,
583 2279 664 2302 mox
687 2267 756 2314 ipse
775 2279 902 2309 coram,
923 2272 960 2302 ut
979 2267 1100 2315 coeptis
1120 2279 1197 2302 cum
1219 2266 1311 2302 Caro
1330 2267 1456 2314 nuptiis
1477 2267 1650 2315 Georgius

234 2326 473 2370 renunciaret3
500 2325 534 2361 id
561 2338 581 2362 e
607 2337 643 2361 re
666 2326 813 2362 nominis
833 2325 952 2361 Humii
972 2326 1056 2368 fore,
1077 2338 1120 2361 ne
1142 2324 1310 2361 Carorum
1329 2338 1415 2373 gens
1429 2338 1471 2361 ex
1492 2325 1651 2361 Teviotia
