1922 2767
725 286 1239 323 WEDDERBURNENSI.
1643 289 1688 320 45

265 398 398 428 tentare.
430 391 559 439 aliquid
591 403 651 438 per
688 391 731 431 se,
770 389 836 424 five
873 389 916 423 ad
944 389 1051 436 ipsum
1081 387 1219 422 tranfire.
1247 387 1424 429 maluisset,
1454 388 1511 421 seu
1539 388 1687 435 denique

266 452 420 498 reginam
448 450 613 490 deserere,
641 455 674 488 et
701 448 848 483 domum
876 447 980 482 abire.
1040 446 1143 488 Quod
1171 452 1205 481 et
1232 445 1330 480 sensit
1358 445 1562 480 Botliuelius
1589 453 1623 480 et
1650 447 1687 480 ti-

265 511 359 548 muit,
389 510 572 556 effecitque
600 514 636 543 ut
663 508 784 555 regina
811 519 889 542 euin
913 507 1154 553 interrogaret,
1182 518 1236 547 an,
1258 517 1336 539 vere
1355 511 1389 539 et
1413 504 1541 539 fincero
1561 505 1686 543 animo,

265 581 404 616 operam
432 569 462 603 ei
490 581 531 603 eo
559 568 614 603 die
642 567 850 615 praestiturus
877 566 983 606 ess'et3
1011 565 1069 600 cui
1097 565 1165 604 ille,
1193 565 1226 599 se
1245 564 1483 611 praestiturum,
1503 563 1684 610 respondit,

265 635 370 675 atque
403 640 446 662 eo
479 628 593 662 animo
633 625 814 667 adveniffe,
844 624 972 672 alioqui
1000 636 1068 658 non
1096 623 1193 658 fuisse
1222 623 1473 662 adventurum3
1501 622 1687 669 agnoscere

264 687 297 721 se
323 699 400 721 eam
428 693 464 721 ut
493 687 584 721 suani
612 685 812 733 principem,
841 696 880 718 ac
906 689 942 718 ut
969 682 1112 730 principi
1132 688 1358 721 navaturum;
1385 693 1482 715 orare
1502 687 1538 715 nt
1557 681 1600 715 de
1620 681 1686 715 tide.

265 745 365 792 ipsius
383 757 450 779 non
471 744 615 784 dubitet,
635 756 698 778 nec
718 743 811 778 aliud
831 743 863 777 se
878 743 1001 781 fronte,
1018 741 1110 776 aliud
1126 740 1268 788 pec‘tore
1283 752 1402 787 gerere
1418 746 1566 786 putaret.
1608 740 1686 774 Bla—

264 804 421 839 cadarius
445 803 535 838 idem
555 802 738 850 respondit,
769 801 825 836 sed
844 801 946 836 fidem
967 802 1058 835 suam
1080 800 1112 835 in
1132 799 1274 834 dubium
1290 811 1412 833 vocare
1429 799 1544 839 iratus,
1562 811 1601 833 ac
1620 799 1685 832 Bo-

263 863 427 897 tbuelium
441 862 514 909 ejus
527 861 721 908 quaestionis
735 860 912 895 auctorem
925 872 1062 907 gnarus,
1077 859 1120 893 ad
1130 871 1208 893 eum
1221 858 1413 897 conversuS‚
1427 858 1685 904 “1105‚'’inquit,

265 927 284 942 ‘⁶
300 934 398 964 aeque
413 921 481 962 diu,
499 933 539 955 ac
551 919 687 955 fortasse
703 919 831 954 diutius
845 919 937 966 apud
954 918 1144 966 principem
1156 917 1306 952 nostram
1321 916 1620 955 commorabimur,
1640 923 1683 957 et,

263 987 299 1014 nt
312 980 396 1015 fidos
411 980 563 1014 subditos
578 978 689 1018 (lecet,
703 991 764 1013 nos
783 979 982 1025 geremus.’'
1032 977 1150 1023 Atque
1171 976 1219 1010 ita
1237 988 1315 1010 cum
1331 988 1374 1010 ea
1393 974 1548 1022 perstitit,
1564 975 1685 1014 donec,

266 1039 450 1074 Bothuelio
469 1039 588 1085 fugam
607 1037 813 1084 capefl'ente,
834 1037 954 1083 regina
973 1036 1016 1070 ad
1036 1036 1152 1083 regios
1171 1034 1311 1069 translit.
1359 1034 1461 1076 Turn,
1478 1046 1521 1068 ne
1541 1034 1686 1068 salutato

266 1098 397 1133 Humio
417 1104 475 1132 aut
496 1097 682 1138 Mor-tenio,
704 1096 843 1130 domum
871 1095 1081 1140 remigravit.
1134 1093 1271 1128 Eadem
1300 1093 1397 1135 fides,
1427 1092 1607 1140 postquam
1638 1106 1686 1126 re-

265 1158 346 1203 gina
373 1169 517 1204 regnum
545 1155 712 1202 efferasset,
732 1155 837 1189 filium
866 1153 1094 1195 substituisset,
1116 1159 1248 1187 tutores
1268 1152 1298 1187 ei
1317 1151 1532 1191 nominafi'et,
1551 1151 1686 1198 hocque

265 1223 375 1250 totum
395 1216 472 1263 lege
492 1215 665 1255 statutum,
687 1220 720 1249 et
739 1214 895 1248 ordinum
915 1212 1054 1247 decreto
1082 1212 1319 1246 confirmatum
1339 1210 1431 1253 esset,
1453 1211 1524 1257 regi
1544 1211 1685 1257 ejusque

266 1274 435 1309 tutoribus
455 1274 576 1321 paruit.
632 1273 754 1320 Itaque
774 1278 806 1307 et
822 1272 965 1307 clientes
984 1271 1025 1306 ad
1047 1270 1281 1318 Longofidum
1302 1276 1337 1304 ut
1356 1276 1559 1317 pugnaturn,
1581 1269 1686 1304 Joan-

265 1335 316 1369 nis
334 1334 446 1368 fratris
473 1333 593 1372 ductu,
613 1345 690 1367 cum
713 1331 911 1366 Alexandro
939 1330 1093 1378 principe
1118 1329 1227 1371 mifit3
1258 1335 1291 1363 et
1310 1335 1385 1363 toto
1406 1328 1465 1362 illo
1493 1327 1583 1363 bello
1604 1328 1685 1362 Edi-

265 1392 355 1427 ncnfi
376 1398 434 1427 aut
462 1392 542 1439 ipse,
562 1391 696 1438 quoties
716 1390 911 1425 admonitus
939 1389 999 1429 est,
1019 1389 1140 1430 adfuit,
1162 1395 1221 1422 aut
1248 1387 1454 1422 domesticos
1473 1387 1685 1434 selectosque

266 1464 307 1486 ex
326 1450 507 1486 clientibus
527 1450 672 1484 assiduos
700 1462 787 1496 pene
810 1448 931 1483 Lethae
954 1447 1045 1495 apud
1067 1447 1283 1482 Mortonium
1311 1446 1474 1488 habebat,
1495 1446 1599 1492 idque
1618 1446 1684 1480 suis

264 1510 341 1545 solis
360 1509 558 1557 sumptibus,
580 1522 623 1543 ne
641 1508 819 1543 nummulo
844 1507 984 1555 quidem
1004 1519 1046 1541 ex
1064 1506 1153 1547 fisco,
1176 1512 1235 1540 aut
1254 1505 1433 1540 rebellium
1460 1504 1560 1539 ullius
1586 1504 1684 1539 bonis

266 1569 422 1610 aurstior3
453 1580 530 1603 cum
551 1568 607 1602 alii
627 1574 685 1602 aut
705 1566 880 1614 stipendiis
906 1566 1103 1604 militarent,
1123 1571 1158 1599 ut
1181 1564 1297 1599 David
1318 1563 1478 1605 Humius,
1502 1563 1685 1598 Blacadari

265 1628 363 1669 filius,
385 1627 538 1662 centurio
558 1627 615 1674 qui
634 1626 789 1672 equitum
809 1630 937 1659 turmas
956 1623 1172 1663 ductitabat3
1193 1623 1248 1657 alii
1268 1622 1417 1657 hostium
1436 1622 1565 1657 reditus
1584 1634 1684 1656 occu-

266 1693 396 1734 parent,
414 1692 451 1721 nt
465 1685 662 1720 Alexander
677 1684 955 1723 Manderstonus,
970 1683 1028 1730 qui
1047 1681 1325 1728 Coldinghamiae
1340 1680 1535 1715 coenobium
1551 1681 1583 1715 in
1600 1693 1685 1715 mei·-

267 1746 398 1787 cedem,
419 1752 453 1780 et
472 1745 550 1779 belli
570 1745 722 1791 sumptus
740 1742 904 1778 levandos
927 1742 1086 1789 accepit;
1105 1747 1139 1776 et
1161 1739 1423 1775 Coldincnolius
1442 1746 1476 1774 et
1496 1739 1683 1779 Hutonius,

267 1805 323 1852 qui
346 1804 532 1839 Alexandri
553 1803 714 1850 principis
742 1803 839 1846 <nam
861 1802 887 1836 is
910 1801 983 1848 jam
1003 1801 1045 1835 ad
1065 1800 1193 1847 reginae
1222 1805 1337 1846 partes
1364 1799 1558 1843 defecerat)
1578 1805 1683 1833 terras

267 1876 306 1898 ac
326 1870 507 1910 proventus
526 1863 612 1897 inter
631 1862 663 1896 se
688 1861 802 1908 partiti
823 1862 909 1895 sunt.
963 1859 1092 1894 Verum
1112 1859 1156 1894 fic
1184 1858 1248 1893 illis
1275 1857 1489 1893 occafionem
1510 1858 1682 1892 crescendi

266 1922 372 1963 dedit,
393 1922 473 1956 dum
492 1921 543 1956 his
568 1921 691 1968 opibus
715 1920 804 1960 freti,
834 1920 941 1967 ipsum
969 1924 1145 1966 aequarent
1177 1924 1236 1952 aut
1262 1918 1470 1964 superarent,
1492 1922 1524 1951 et
1553 1917 1585 1950 se
1610 1917 1683 1963 jam

267 1980 360 2027 quafi
380 1993 478 2027 pares
497 1992 585 2027 pene
613 1979 779 2026 gerebant
798 1993 806 2021 3
837 1979 1010 2026 przecipue
1039 1976 1305 2012 Manderstonus
1332 1988 1495 2023 magnam
1515 1975 1681 2009 familiam

268 2040 383 2074 alebat
402 2045 435 2073 et
454 2039 725 2086 magnitudinem
746 2051 805 2085 per
830 2038 938 2072 virum
965 2050 1024 2071 ora
1043 2036 1249 2075 ostentabat,
1269 2034 1434 2082 quicquid
1453 2042 1583 2081 ageret,
1604 2047 1681 2068 cuin

269 2111 395 2145 pompa
414 2097 563 2144 quadam
583 2110 623 2132 ac
647 2097 868 2144 jactitatione
889 2108 1007 2143 agens,
1029 2096 1133 2130 etiam
1154 2094 1246 2142 quod
1262 2094 1314 2129 vel
1333 2094 1433 2133 solus,
1454 2106 1530 2128 cum
1548 2106 1614 2127 uno
1630 2094 1681 2127 vel

268 2158 375 2191 altero
394 2156 531 2195 comite,
550 2156 707 2202 praestare
726 2155 843 2203 poss'et,
864 2155 984 2190 maluit
1013 2154 1167 2189 collectis
1195 2165 1298 2200 quam
1327 2152 1484 2186 maximis
1504 2151 1546 2185 ad
1572 2151 1681 2185 osten-

269 2216 434 2250 tationem
453 2214 570 2261 copiis.
625 2214 753 2248 Verum
774 2221 949 2261 utcunque
969 2213 1013 2248 ad
1031 2213 1154 2259 vulgus
1172 2212 1257 2253 haec,
1279 2217 1310 2245 et
1332 2211 1364 2245 in
1384 2210 1458 2245 aliis
1488 2210 1583 2256 regni
1606 2222 1680 2255 pro-

269 2274 387 2309 vinciis
402 2273 529 2307 famam
549 2272 698 2319 aliquam
716 2273 755 2307 iis
769 2272 1048 2313 conciliaverant,
1066 2278 1183 2306 tamen
1199 2271 1233 2304 in
1248 2269 1382 2304 Mercia
1396 2268 1517 2303 frustra
1538 2268 1575 2301 iis
1591 2268 1652 2301 fuit
1670 2283 1678 2310 ς

269 2334 367 2368 nixus
386 2331 475 2367 enim
497 2330 613 2365 David
639 2338 710 2365 tum
729 2332 851 2366 veteris
870 2331 1008 2366 familiae
1026 2330 1264 2369 fundamento,
1284 2335 1356 2362 tum
1376 2328 1414 2362 iis
1442 2326 1619 2365 clientelis,
1640 2339 1678 2360 ac
