1922 2767
704 283 1215 320 WEDDERBURNENSI.
1649 295 1671 329 9

255 373 361 407 burno
382 371 511 406 Halifio
532 370 653 417 (credo
672 371 753 417 quia
773 370 873 417 ipsius
893 371 1068 405 decretum
1088 371 1132 406 ab
1153 371 1352 407 Alexandro
1372 374 1518 420 spretum
1538 375 1604 410 esse
1620 376 1668 410 vi-

253 430 420 475 deretur,)
441 429 483 464 ad
504 428 694 463 Alexandri
713 435 827 476 partes
849 429 1005 477 Georgio
1028 429 1158 464 Humio
1174 430 1276 477 ipsius
1290 432 1404 473 fratre,
1422 432 1578 467 Jacobus
1596 434 1667 468 Du-

253 489 389 536 glaffius
411 488 573 535 Angussae
592 500 708 522 comes
727 500 798 522 rem
816 488 963 535 suscipit,
981 501 1022 523 ac
1040 488 1180 523 tandem
1208 489 1240 523 in
1268 489 1359 524 hunc
1377 491 1517 525 modum
1536 491 1665 528 definit.

255 547 425 583 Davidem
446 546 581 581 infidias
595 546 794 581 Alexandro
814 547 938 594 positas
959 548 1081 594 (quern
1097 547 1140 582 ab
1155 548 1247 582 omni
1267 548 1398 595 injuria,
1421 562 1440 583 a
1458 562 1666 598 quocunque

252 606 442 646 inferenda,
461 606 711 641 vindicaturum
731 606 764 640 se
789 606 885 640 suiffe
917 606 1002 640 serio
1032 606 1273 653 profitebatur)
1303 607 1436 642 strenue
1467 615 1666 654 negantem,

252 679 329 701 cum
349 666 391 701 de
410 665 652 700 coenobiarcha
672 665 784 699 minus
811 665 990 712 perspicue
1013 666 1045 699 se
1065 672 1239 712 purgaret,
1256 666 1357 713 (quia
1372 666 1398 701 is
1413 673 1496 714 puto
1512 668 1545 702 in
1563 669 1666 703 Alex-

251 725 345 760 andri
365 725 529 760 comitatu
550 730 632 766 erat,
663 724 821 771 adeoque
840 724 872 758 in
892 724 986 758 illum
1006 724 1127 771 injuria
1146 725 1409 770 redundatura‚)
1431 727 1565 761 veniam
1592 728 1666 774 ejus

251 785 298 820 rei
313 784 356 819 ab
375 783 572 818 Alexandro
584 789 701 830 petere
714 782 836 830 jubet3
857 782 1065 825 Alexander,
1083 796 1209 830 pecora
1224 783 1352 819 abacta
1367 785 1553 826 restituere,
1569 793 1665 821 erant

251 850 366 878 autem
386 842 597 888 octingentae
616 854 707 883 oves,
729 841 835 876 boves
854 842 993 888 triginta
1009 842 1183 889 quinque3
1204 842 1247 876 de
1266 842 1407 878 decimis
1426 844 1592 879 incertum
1607 845 1664 892 jus

249 902 419 949 relinquit,
445 901 532 935 iufra
549 900 669 948 viginti
689 899 774 940 dies,
794 901 994 947 cognitione
1020 901 1232 935 accuratiore
1257 900 1385 943 habita,
1407 902 1662 946 definiendum3

249 968 285 996 ut
306 960 503 996 Alexander
521 972 563 994 ex
579 972 657 994 arce
675 960 794 1007 templi
816 959 1093 1006 Coldiughamiae
1112 959 1302 1007 praefidium
1322 960 1458 1002 educat,
1478 974 1543 996 nec
1558 962 1663 997 ullum

247 1020 370 1055 exinde
389 1019 553 1054 alteruter
572 1018 617 1053 ibi
636 1024 765 1066 ponat3
787 1018 1035 1065 jurisdictionis
1056 1019 1114 1065 jus
1133 1031 1173 1053 ac
1192 1031 1234 1053 ex
1253 1031 1294 1054 eo
1313 1020 1595 1063 emolumentum,
1623 1034 1663 1056 ex

247 1090 347 1126 aequo
366 1077 582 1125 partiantur3
611 1077 788 1111 monacbis
808 1077 1007 1123 permittant
1034 1077 1142 1112 libero
1174 1077 1241 1112 Dei
1272 1078 1366 1112 cultu
1394 1091 1454 1126 pro
1482 1091 1576 1114 more
1603 1081 1662 1122 uti,

248 1137 340 1171 nulla
359 1136 525 1171 violandis
544 1135 588 1170 ab
607 1135 734 1170 utrovis
753 1135 887 1182 injuria.
924 1136 1043 1182 Atque
1058 1135 1130 1170 haec
1145 1136 1218 1171 fere
1236 1137 1311 1171 sunt
1326 1150 1403 1184 quae
1422 1138 1465 1172 de
1480 1151 1521 1172 eo
1536 1151 1664 1173 memo-

249 1203 323 1231 ratu
335 1196 441 1243 digna
453 1194 620 1229 habemus
633 1207 642 1233 3
658 1200 811 1228 mortuus
826 1200 942 1228 autern
955 1194 1002 1229 est
1016 1207 1105 1229 anno
1118 1207 1340 1236 mccccxmx,
1354 1198 1468 1232 menso
1478 1197 1618 1237 Martio,
1629 1205 1664 1232 ut

248 1268 289 1290 ex
304 1255 443 1289 decreto
456 1253 652 1301 quindecim
665 1253 822 1294 virorum,
838 1265 906 1300 quo
924 1253 1098 1301 Georgius
1114 1254 1144 1288 ei
1160 1253 1278 1295 haeres,
1297 1261 1330 1289 et
1345 1255 1377 1289 in
1397 1255 1663 1292 WVedderburnii

249 1322 355 1349 terras
386 1312 550 1348 success'or
578 1312 771 1346 decernitur
804 1313 1040 1358 (νεῖον-παίωνι
1071 1313 1227 1359 vocant.)
1293 1314 1472 1361 Siquidem
1503 1315 1558 1351 hic
1585 1329 1663 1351 vere

250 1372 395 1418 Georgii
423 1384 506 1406 avus
528 1371 640 1412 fuerit,
661 1377 695 1405 et
722 1383 790 1405 non
822 1371 909 1405 alius
936 1371 1050 1418 potius
1075 1372 1226 1418 ejusdem
1258 1373 1405 1408 nominis
1434 1374 1535 1421 hujus
1563 1375 1660 1416 filius,

248 1431 335 1466 adeo
355 1437 390 1465 ut
410 1437 478 1465 tres
496 1430 622 1464 fuerint
641 1439 720 1464 ante
742 1429 934 1476 Georgium
956 1430 1100 1465 Davidis
1119 1432 1256 1465 nomine
1273 1431 1432 1479 infigniti.
1487 1433 1597 1480 Cujus
1616 1435 1663 1469 rei

247 1490 469 1537 suspicionem
490 1488 572 1523 mihi
592 1488 674 1523 facit
701 1488 809 1522 multa
828 1488 929 1535 hujus
956 1489 1085 1536 alioqui
1112 1495 1207 1529 aetas,
1235 1502 1359 1537 nempe
1379 1503 1545 1526 annorum
1564 1493 1661 1528 octo-

246 1549 343 1596 ginta
374 1560 508 1589 novem,
542 1553 601 1582 aut
628 1548 819 1594 nonaginta
845 1547 957 1589 trium,
991 1554 1049 1582 aut
1076 1561 1117 1582 eo
1145 1548 1300 1591 circiter3
1337 1561 1416 1584 nam
1443 1549 1466 1584 fi
1497 1550 1541 1585 ab
1572 1564 1662 1586 anno

245 1619 444 1646 mccccxiv,
459 1619 528 1654 quo
544 1606 839 1641 confirmationem
859 1607 990 1653 regiam
1006 1606 1049 1641 de
1067 1607 1164 1641 terris
1189 1607 1443 1643 Wedderburni
1463 1610 1608 1657 accepit,
1628 1611 1661 1645 in

244 1666 335 1701 hunc
362 1677 573 1701 MCCCCLXIX
600 1677 830 1707 numeremus,
863 1671 962 1699 erunt
986 1666 1239 1713 quinquaginta
1263 1667 1416 1714 quinque
1435 1669 1536 1709 anni3
1563 1671 1670 1717 atqui,

246 1731 325 1760 ante
341 1725 483 1772 regiam,
499 1724 632 1759 comitis
650 1723 792 1758 Marciae
808 1724 1103 1759 confirmationem
1118 1725 1325 1761 anteceffifl'e
1340 1726 1482 1769 constat,
1499 1727 1662 1776 illamque

245 1785 368 1819 iterum
387 1783 520 1818 comitis
537 1782 705 1829 Duglaffii
724 1782 958 1824 donationem,
980 1795 1057 1829 quae
1076 1783 1119 1817 ad
1139 1796 1267 1819 annum
1286 1797 1405 1820 mcccc
1424 1798 1488 1821 nos
1505 1787 1594 1822 forte
1612 1800 1662 1822 re-

245 1843 382 1883 ducent,
401 1855 469 1889 quo
495 1842 640 1889 primum
660 1854 719 1876 eas
739 1847 845 1876 terras
863 1841 1044 1876 obtinuisse
1064 1842 1226 1878 credibile
1245 1843 1316 1884 est3
1345 1856 1408 1878 nec
1427 1850 1499 1879 tum
1517 1857 1661 1892 puerum

244 1901 340 1936 fuifl'e
356 1901 516 1949 oportuit,
532 1900 588 1935 sed
608 1900 715 1934 virum
734 1906 879 1934 maturae
897 1900 1021 1940 aetatis,
1040 1901 1161 1948 viginti
1180 1908 1274 1949 puta,
1296 1908 1354 1937 aut
1374 1903 1493 1950 viginti
1513 1910 1661 1951 quatuor

245 1972 353 1994 annos
380 1965 524 2001 natum3
554 1959 587 1993 id
615 1965 731 1993 autem
758 1958 973 1993 nativitatem
1006 1959 1080 2006 ejus
1106 1960 1140 1994 in
1172 1973 1299 1995 annum
1331 1974 1569 2005 MCCCLXXVH,
1602 1970 1660 1998 aut

245 2030 450 2060 ruccoLxxx,
469 2018 629 2064 conjiciet
645 2031 654 2059 3
676 2030 695 2052 a
714 2030 783 2064 quo
802 2017 826 2052 fi
841 2017 884 2052 ad
903 2017 994 2052 hunc
1013 2018 1130 2054 mortis
1145 2032 1272 2054 annum
1287 2032 1516 2063 numeremus,
1533 2022 1661 2057 inveni-

244 2089 341 2112 emus
360 2089 478 2116 annos,
493 2089 579 2123 quos
598 2076 679 2116 dixi,
698 2076 888 2123 nonaginta
903 2082 983 2117 tres,
999 2085 1057 2111 aut
1076 2077 1119 2112 ad
1135 2078 1312 2113 minimum
1326 2079 1506 2126 octoginta
1524 2093 1658 2115 novem.

246 2135 302 2170 De
315 2140 423 2169 morte
438 2134 519 2168 nihil
534 2135 615 2169 certi
630 2134 766 2170 invenio
780 2149 789 2177 3
810 2135 958 2170 obtinuit
973 2141 1088 2171 tamen
1103 2137 1198 2171 fama
1215 2138 1387 2173 nemiuem
1403 2151 1447 2173 ex
1462 2151 1503 2173 ea
1518 2139 1659 2180 familia,

245 2201 324 2228 ante
345 2192 517 2228 Davidem
543 2193 710 2239 quintum,
731 2206 833 2228 avum
857 2199 964 2237 tuum,
989 2207 1175 2242 meumque
1203 2202 1347 2243 patrem,
1374 2209 1442 2231 non
1470 2197 1513 2231 ab
1534 2197 1658 2244 Anglis

242 2253 376 2294 caesurn,
398 2264 465 2286 uno
484 2251 585 2298 hujus
603 2252 670 2286 filio
689 2259 845 2300 excepto,
867 2253 910 2288 de
929 2266 998 2300 quo
1019 2266 1110 2288 mox.

1467 2326 1486 2348 B
