1922 2767
278 279 324 315 60
725 277 793 314 DE
822 276 1044 313 FAMILIA
1072 276 1246 313 HUMIA

281 380 437 427 profecit,
469 380 599 415 summo
626 379 726 428 ipfius
756 380 907 428 ingenio,
936 386 972 415 ut
997 380 1103 416 latine
1134 381 1286 428 apprime
1317 381 1426 416 scierit
1442 395 1451 424 ς
1480 387 1551 418 tum
1582 383 1690 419 soluta

281 439 445 482 oratione,
465 445 537 474 turn
555 438 682 486 pedum
699 439 835 487 legibus
857 439 1029 481 adstricta,
1045 451 1173 487 magna
1190 439 1379 487 legentium
1398 440 1499 476 laude
1514 442 1688 489 scripserit,

282 510 346 533 nec
360 498 539 546 quisquam
553 497 775 532 celeberrima
787 497 819 532 in
838 498 896 532 illa
914 498 1040 533 Scotiae
1052 504 1123 533 tum
1137 498 1251 533 schola
1262 511 1398 546 aequare
1413 512 1490 534 eum
1504 506 1690 547 putaretur.

285 556 468 592 Elementa
487 569 528 591 ac
546 556 739 591 rudimenta
758 556 849 591 domi
878 556 970 603 apud
996 562 1155 604 parentes
1173 557 1348 599 didicerat,
1371 557 1522 605 (Jacobo
1541 560 1691 606 quodam

286 614 421 650 Cnoxio
435 615 649 661 instituente)
665 620 699 650 et
713 614 884 662 scripturae
898 614 1084 649 assueverat
1098 629 1106 658 3
1124 621 1157 650 et
1172 615 1335 662 pietatem
1350 628 1426 651 cum
1440 616 1608 658 doctrina,
1620 624 1692 653 tum

284 673 441 721 exemplo
460 672 654 709 imbiberat.
708 672 825 708 Unum
843 673 998 720 pueritiae
1017 673 1131 708 nobile
1150 674 1282 709 factum
1301 674 1392 709 haud
1419 676 1693 722 praetereundum

282 737 378 779 puto.
431 731 548 767 Mater
567 732 651 779 ejus,
678 738 821 779 accepto
848 731 890 766 de
919 731 1023 779 patris
1050 731 1289 779 Elphingstoni
1316 740 1424 768 morte
1450 734 1585 776 nuncio,
1616 747 1694 770 cum

284 790 421 838 gravius
452 790 654 832 indoluisset,
685 802 749 825 nec
774 790 1043 825 consolationem
1071 790 1277 833 admitteret,
1306 804 1371 826 nec
1395 792 1496 827 finem
1523 793 1695 828 lachrimis

285 850 428 890 faceret,
447 848 502 884 ille
519 849 621 896 (puer
636 848 749 883 adhuc
771 848 938 884 undecem
954 849 1085 884 circiter
1101 850 1285 896 annorum)
1302 851 1359 898 qui
1373 851 1473 898 juxta
1488 864 1564 886 eam
1579 852 1695 899 legere

286 908 401 942 suetus
419 908 543 947 fuerat,
562 907 713 954 acceptis
732 907 832 942 sacris
858 907 973 949 literis,
994 907 1088 954 quasi
1115 908 1353 955 quotidianum
1380 921 1503 945 munus
1530 910 1695 949 obiturus,

288 966 332 1001 ad
351 973 455 1013 caput
474 965 566 1013 quod
585 965 633 1000 est
648 964 810 1013 Epistolae
823 965 866 1000 ad
883 965 1119 1000 Thefl'alonic:
1135 972 1305 1013 quartum,
1321 967 1363 1002 de
1375 968 1586 1003 moderando
1600 969 1696 1004 luctu

286 1024 331 1060 ob
355 1030 519 1064 mortuos,
538 1024 676 1062 evolvit,
695 1036 735 1058 ac
754 1023 845 1058 clara
863 1036 958 1066 voce,
976 1030 1012 1058 ut
1027 1024 1178 1058 exaudiri
1198 1025 1316 1072 poffet,
1331 1026 1446 1073 legere
1461 1028 1617 1074 occepit;
1638 1028 1695 1062 ubi

292 1083 446 1123 absolvit,
464 1082 587 1118 librum
607 1082 801 1130 complicat,
821 1088 854 1117 et
881 1083 913 1117 se
939 1083 1031 1117 foras
1057 1083 1209 1130 proripit,
1228 1083 1310 1118 nihil
1339 1084 1426 1119 ultra
1452 1085 1598 1121 Iocutus.
1651 1086 1696 1121 Et

285 1142 355 1183 illa,
374 1141 468 1189 quasi
487 1154 528 1176 ea
546 1154 630 1176 voce
649 1141 836 1180 admonita,
856 1140 987 1176 siccatis
1006 1141 1124 1183 oculis,
1145 1141 1324 1176 subsecuta
1341 1142 1374 1177 in
1394 1143 1507 1178 aulam
1534 1145 1635 1187 venit,
1656 1158 1697 1180 ac

289 1200 420 1235 caeteris
438 1201 471 1234 se
490 1200 692 1239 immiscens,
711 1199 825 1234 cibum
852 1198 998 1246 sumpsit,
1019 1211 1084 1234 nec
1103 1199 1226 1234 exinde
1245 1200 1437 1236 lachrimari
1456 1202 1525 1236 visa
1544 1202 1614 1245 est;
1634 1215 1693 1238 no-

286 1258 345 1294 bili
365 1264 546 1306 utrumque
564 1258 722 1305 exemplo
742 1263 775 1292 et
794 1257 969 1305 prudentis
985 1259 1041 1305 (ut
1055 1257 1087 1293 in
1103 1271 1145 1293 ea
1159 1258 1279 1304 aetate)
1295 1259 1547 1303 admonitionis,
1568 1267 1601 1296 et
1619 1262 1695 1309 piae,

286 1318 321 1352 in
340 1324 409 1352 tam
429 1317 615 1352 domestico
634 1317 741 1358 luctu,
763 1316 1018 1351 moderationis.
1071 1315 1200 1352 Fuerat
1219 1323 1333 1352 autem
1352 1318 1422 1365 ipse
1440 1319 1531 1366 apud
1550 1320 1697 1355 eundem

287 1388 389 1412 avum
407 1376 583 1417 educatus,
605 1375 648 1410 ad
664 1375 843 1422 septimum
859 1376 964 1423 usque
979 1376 1090 1411 aetatis
1105 1388 1243 1416 annum,
1259 1388 1327 1411 una
1340 1389 1417 1412 curn
1434 1377 1588 1425 Georgio
1606 1379 1697 1414 Caro

284 1434 497 1474 consobrino,
529 1435 660 1481 aliquot
687 1434 857 1469 mensibus
884 1434 1024 1481 majore,
1045 1435 1100 1470 sed
1129 1447 1232 1482 quern
1251 1435 1390 1482 ingenio
1410 1436 1549 1483 alioqui,
1568 1443 1602 1472 et
1626 1450 1697 1473 cor-

287 1493 379 1541 poris
398 1492 530 1533 robore,
550 1499 584 1527 et
603 1493 759 1540 agilitate
786 1492 889 1540 longe
908 1493 1064 1533 anteiret,
1084 1493 1116 1528 in
1136 1493 1268 1528 musicis
1287 1493 1330 1528 ab
1358 1494 1415 1528 illo
1443 1495 1619 1542 superatus
1637 1496 1696 1532 est.

289 1552 344 1586 Ex
370 1551 512 1599 ephebis
531 1551 584 1586 vix
611 1551 692 1586 dum
721 1551 880 1598 egressus,
910 1552 953 1586 ad
982 1564 1161 1599 proregem
1190 1552 1415 1593 Mortonium,
1445 1553 1479 1588 id
1509 1560 1696 1601 petentem,

284 1610 398 1645 missus
417 1610 476 1645 est.
531 1609 615 1645 Erat
635 1610 680 1645 ibi
702 1610 932 1645 Archibaldus
953 1610 1114 1658 Angusiae
1133 1623 1259 1653 comes,
1282 1612 1336 1646 cui
1355 1611 1569 1660 paedagogus
1592 1613 1696 1649 Joan-

286 1682 346 1704 nes
367 1669 546 1703 Provanus
565 1668 665 1703 datus
684 1668 807 1715 logicae
827 1668 1020 1703 rudimenta
1037 1669 1199 1715 (Joannis
1220 1669 1415 1705 Retrofordi
1435 1671 1696 1718 compendium)

287 1727 497 1775 praelegebat
513 1741 522 1770 ς
544 1727 621 1761 huic
640 1726 696 1762 ille
715 1726 834 1761 avidus
853 1728 921 1762 sese
940 1727 1081 1769 dedidit,
1103 1740 1143 1762 ac
1161 1740 1203 1762 ea
1231 1727 1349 1763 didicit
1367 1741 1444 1775 quae
1472 1729 1562 1764 illinc
1583 1730 1697 1765 doceri

286 1787 415 1828 solent3
444 1786 558 1821 literas
577 1786 705 1832 alioqui
724 1798 791 1820 non
811 1786 935 1833 attigit.
987 1786 1128 1828 Verum,
1151 1787 1208 1821 suo
1227 1793 1346 1828 marte,
1367 1788 1520 1835 linguam
1534 1788 1696 1836 gallicam

288 1844 474 1892 aggressus,
495 1844 583 1879 adeo
610 1844 765 1891 profecit,
787 1850 824 1878 ut
842 1855 876 1879 et
904 1845 1145 1892 pronunciaret
1172 1845 1399 1886 mediocriter,
1428 1852 1462 1880 et
1492 1847 1698 1894 intelligeret

288 1903 406 1952 probe,
427 1910 461 1938 et
475 1903 672 1950 loqueretur
691 1902 782 1938 haud
801 1903 913 1946 male3
934 1903 1012 1938 hinc
1031 1903 1185 1938 historias
1203 1904 1368 1946 lectitare,
1385 1917 1447 1939 nec
1463 1905 1495 1939 id
1514 1905 1699 1953 voluptatis

290 1968 435 2004 tantum,
457 1974 497 1996 ac
516 1961 647 1996 terendi
666 1962 828 2008 temporis
842 1962 963 2008 gratia,
985 1968 1018 1997 et
1032 1962 1136 2009 vulgo
1154 1962 1202 2002 fit,
1221 1963 1277 1997 sed
1297 1969 1332 1997 ut
1351 1963 1552 2006 observaret,
1570 1970 1603 1999 et
1621 1977 1698 2011 pru-

289 2021 422 2056 dentior
446 2020 632 2062 evaderet3
663 2019 780 2054 addita
811 2026 844 2055 et
863 2021 1088 2068 geographia,
1108 2027 1141 2055 et
1167 2021 1321 2056 locorum
1349 2035 1390 2057 ea
1409 2023 1541 2063 notitia,
1561 2029 1598 2058 ut
1616 2024 1696 2071 ipse,

292 2091 470 2126 nunquam
503 2079 612 2125 patria
639 2078 799 2126 egressus,
828 2091 905 2113 cum
937 2079 1068 2126 quovis,
1096 2079 1153 2126 qui
1182 2092 1324 2127 peregre
1360 2081 1392 2115 in
1427 2081 1543 2116 Gallia
1573 2082 1697 2117 alibive

291 2138 421 2186 egisset,
441 2143 596 2179 certaret,
619 2150 659 2172 ac
687 2138 866 2184 plerosque
896 2138 1077 2184 superaret.
1132 2138 1312 2186 Triangnli
1342 2140 1436 2174 usum
1458 2140 1491 2174 in
1518 2141 1699 2176 metiendis

293 2195 537 2237 altitudinibus,
570 2196 662 2231 nullo
694 2196 851 2236 docente,
871 2196 998 2238 didicit,
1019 2209 1082 2231 nec
1109 2197 1200 2244 apud
1225 2211 1423 2245 quenquam
1448 2199 1577 2234 lectum
1604 2199 1698 2247 quasi

291 2254 476 2290 adinvenit.
529 2254 567 2288 In
586 2255 757 2302 scripturis
777 2254 876 2289 sacris
895 2254 1026 2289 summa
1052 2255 1231 2302 diligentia
1250 2258 1410 2297 versatus,
1429 2269 1492 2292 nec
1518 2257 1697 2292 infeliciter

292 2315 325 2349 in
345 2312 557 2349 excutiendis
576 2312 808 2349 controversiis
827 2312 984 2357 sedulus;
1010 2313 1211 2362 plerumque
1229 2315 1326 2362 super
1344 2316 1459 2351 mensa
1478 2315 1613 2357 alibive,
1639 2321 1697 2351 aut
