1922 2767
250 303 295 335 20
688 295 756 331 DE
785 294 1001 331 FAMILIA
1030 293 1201 329 HUMIA

250 403 283 437 in
301 400 451 437 medium
471 398 709 441 Decembrem,
726 404 762 433 ut
775 397 939 433 testantur
952 398 1084 445 scripta,
1103 397 1136 432 id
1151 397 1209 439 est,
1226 409 1245 431 a
1260 396 1369 432 mariti
1389 402 1495 431 morte
1508 396 1646 444 triginta

252 461 337 496 duos
355 471 472 500 annos,
491 459 619 506 optima
638 456 728 504 apud
747 469 865 491 omnes
882 456 975 491 fama
993 464 1027 491 et
1044 455 1184 490 honore.

773 629 803 652 V.
823 628 939 652 DAVID
958 629 1131 656 QUARTUS.

261 748 380 788 CAEso,
399 753 435 782 ut
453 747 608 788 diximus,
629 746 672 781 ad
693 745 906 787 Fluidonern,
924 745 1005 781 dum
1024 746 1095 793 regi
1114 751 1147 781 et
1166 745 1283 793 patriae
1308 745 1431 780 sortem
1453 757 1494 779 ac
1519 744 1655 779 fidelem

257 817 395 852 operam
413 804 605 853 praestabat,
626 804 761 839 Davide
787 805 896 846 tertio,
918 804 987 839 viro
1010 804 1061 839 vel
1088 803 1153 839 hoc
1179 803 1248 838 solo
1274 802 1411 838 nomine
1437 802 1528 837 omni
1553 802 1655 837 laude

255 863 455 911 digniffimo,
487 875 555 898 una
580 875 658 897 cum
687 862 840 909 Georgio
870 863 939 897 filio
973 868 1056 897 natu
1081 862 1240 903 maximo,
1273 861 1423 896 succeffit
1464 861 1497 895 in
1538 872 1656 896 eorum

255 922 369 957 locum
389 921 501 957 David
520 921 593 968 ejus
611 921 697 956 filius
715 921 897 968 proximus,
918 927 951 955 et
969 933 1011 955 eo
1030 927 1125 967 patre
1147 927 1181 956 et
1206 920 1270 955 illis
1296 919 1481 967 majoribus
1508 920 1654 968 dignus3

255 992 319 1015 nec
346 992 463 1015 eorum
491 980 549 1015 ulli
576 979 616 1014 iis
641 979 810 1018 laudibus,
839 991 964 1021 amore,
992 979 1129 1019 scilicet,
1156 980 1189 1013 in
1216 979 1371 1026 patriam,
1390 979 1588 1014 fortitudine
1616 991 1655 1014 ac

255 1038 549 1086 magnanimitate,
567 1037 744 1072 secundus.
798 1037 911 1072 Prima
930 1037 1002 1084 ejus
1021 1049 1101 1072 eura
1118 1037 1193 1077 fuit,
1213 1043 1249 1072 ut
1275 1037 1379 1072 nobili
1409 1050 1449 1072 ac
1475 1037 1656 1072 commodo

237 1088 370 1144 ¹aliquo
399 1096 613 1131 matrimonio
644 1096 676 1130 se
708 1095 925 1138 honestaret3
957 1095 1140 1142 prudenter
1168 1095 1317 1143 quidem,
1347 1108 1424 1130 cum
1454 1095 1537 1130 nihil
1572 1096 1658 1130 inter

253 1155 403 1190 humana
424 1160 482 1189 aut
509 1155 552 1189 ad
578 1154 680 1189 vitam
702 1154 898 1201 jucundius,
918 1160 976 1189 aut
1003 1153 1045 1188 ad
1072 1154 1199 1188 famam
1226 1153 1408 1196 honestius,
1429 1160 1487 1188 aut
1515 1153 1557 1188 ad
1582 1165 1653 1188 rem

255 1214 409 1261 quamvis
427 1212 597 1260 agendam
616 1212 729 1247 utilius
748 1219 806 1247 aut
830 1212 1027 1247 honoratius
1052 1211 1101 1251 fit,
1120 1224 1224 1259 quam
1251 1218 1332 1259 apta
1359 1218 1392 1247 et
1419 1211 1543 1247 decora
1562 1224 1604 1247 eo
1622 1212 1655 1246 in

254 1272 388 1307 vinculo
407 1271 559 1313 societas,
580 1283 646 1306 non
665 1271 724 1305 nisi
742 1282 868 1318 magno
883 1270 1002 1317 judicii
1021 1283 1143 1312 errore,
1164 1276 1223 1305 aut
1249 1270 1396 1305 libidinis
1423 1270 1465 1311 vi,
1484 1276 1543 1305 aut
1561 1270 1656 1305 illau-

255 1330 336 1365 data
360 1330 474 1377 aliqua
500 1330 629 1377 semper
653 1336 733 1364 nota
752 1329 961 1364 temeranda.
1016 1328 1245 1363 Commodum
1271 1329 1305 1363 id
1329 1329 1494 1376 cogitanti
1513 1330 1659 1364 occurrit

257 1389 369 1423 Alicia
398 1388 574 1435 Duglafia,
597 1388 760 1422 Gulielmi
790 1387 983 1422 Blacadarii
1009 1387 1082 1434 ejus
1105 1387 1170 1422 loci
1197 1387 1367 1422 comarchi
1394 1387 1507 1428 vidua,
1535 1387 1657 1422 eadem

257 1460 333 1494 quae
352 1446 551 1482 Archibaldi
565 1446 725 1493 Angufiae
740 1447 872 1481 comitis
890 1446 989 1488 soror,
1009 1446 1150 1480 foemina
1169 1452 1202 1480 et
1220 1446 1330 1480 forma
1344 1446 1496 1493 egregia,
1516 1452 1550 1480 et
1564 1447 1655 1480 omni

255 1506 388 1547 virtute,
409 1506 548 1553 pietate,
568 1512 601 1539 et
620 1504 789 1552 probitate
808 1504 955 1552 insignis,
976 1510 1009 1539 et
1028 1504 1071 1539 ob
1090 1504 1245 1539 virtutem
1266 1505 1396 1551 semper
1414 1504 1504 1551 apud
1524 1504 1657 1551 quosvis

254 1564 287 1598 in
306 1563 433 1598 honore
452 1563 580 1598 habita.
635 1563 755 1610 Itaque
773 1563 861 1598 hanc
880 1563 984 1603 ducit,
1003 1562 1254 1597 consiliantibus
1269 1562 1366 1597 avide
1384 1563 1520 1609 nuptias
1536 1562 1657 1597 Aliciae

254 1621 424 1663 fratribus,
446 1621 655 1656 Archibaldo
682 1627 716 1656 et
737 1621 902 1668 Georgio,
922 1621 1009 1656 hanc
1034 1620 1093 1656 fibi
1121 1621 1320 1656 affinitatem
1346 1621 1562 1655 commodam
1584 1621 1656 1656 fore

254 1680 346 1715 ratis.
399 1679 444 1714 Et
471 1692 667 1727 quanquam
694 1680 862 1715 continuis
888 1686 1025 1714 centum
1052 1686 1131 1714 ante
1158 1680 1265 1721 annis,
1286 1685 1345 1714 aut
1371 1679 1474 1714 etiam
1501 1680 1657 1726 amplius,

259 1737 509 1773 VVedderburni
528 1738 657 1772 familia
677 1737 850 1785 Duglafiae
868 1738 998 1784 semper
1025 1737 1223 1779 adhaeserat,
1244 1744 1358 1772 tamen
1386 1738 1656 1784 conjunffiorem

254 1796 338 1836 fore,
357 1796 513 1843 propiore
532 1796 595 1830 hoc
614 1796 760 1836 vinculo,
779 1796 898 1830 merito
918 1796 1155 1830 autumabant.
1197 1795 1351 1843 Ideoque
1370 1796 1428 1843 ipfi
1454 1809 1524 1831 rem
1543 1797 1656 1831 tranfi-

257 1860 352 1901 gunt,
373 1854 431 1901 ipfi
450 1866 510 1901 pro
529 1866 569 1888 ea
588 1854 763 1901 spondent,
784 1866 824 1889 ac
843 1853 1057 1894 contrahunt,
1076 1860 1112 1888 ut
1131 1854 1163 1888 in
1182 1854 1286 1888 literis
1307 1866 1348 1888 ea
1374 1866 1409 1888 re
1427 1854 1606 1895 confectis,
1626 1862 1659 1890 et

258 1924 375 1947 eorum
395 1911 607 1959 autographo
626 1911 775 1959 signatis,
795 1924 931 1946 cernere
950 1912 1009 1946 est.
1062 1911 1146 1946 Erat
1160 1912 1249 1947 enim
1268 1912 1301 1946 in
1322 1911 1453 1947 Mercia
1472 1913 1656 1959 provincia,

255 1970 328 2017 post
348 1970 582 2005 Alexandrum
601 1970 900 2017 consanguineum,
921 1970 978 2017 qui
1005 1982 1149 2017 magnus
1175 1970 1379 2005 camerarius
1406 1970 1529 2011 dietus,
1553 1971 1656 2018 longe

258 2028 512 2076 potentiffimus,
531 2034 634 2075 atque
653 2028 731 2063 huic
750 2028 875 2075 duplici
902 2029 1108 2075 cognatione
1135 2028 1361 2075 conjuii&us;
1390 2041 1466 2063 cum
1493 2035 1527 2064 et
1555 2029 1658 2064 Alex-

257 2086 361 2121 ander
380 2086 572 2121 Nicolaidis
593 2086 702 2128 Carae,
726 2086 869 2133 Georgii
882 2098 1005 2133 nempe
1028 2085 1290 2121 WVedderburnii
1309 2087 1438 2127 sororis,
1457 2088 1543 2123 filius
1560 2087 1651 2129 esset,

257 2151 290 2179 et
310 2144 424 2179 David
446 2144 641 2179 Catharinae
658 2143 805 2186 Humiae‚
824 2143 1009 2179 Alexandri
1030 2144 1142 2179 amitae
1157 2157 1216 2191 per
1229 2144 1414 2180 Mariotam
1433 2145 1657 2193 Sincglaram,

254 2215 445 2250 pronepos;
465 2203 582 2250 itaque
601 2215 653 2242 eo,
672 2202 786 2249 quoad
812 2203 903 2242 vixit,
922 2202 1100 2242 secundus,
1127 2202 1182 2237 ubi
1203 2203 1257 2237 ille
1284 2210 1392 2238 morte
1411 2204 1573 2244 sublatus,
1592 2205 1656 2251 pri—

255 2274 328 2296 mus
348 2262 379 2295 in
399 2273 440 2296 ea
458 2261 643 2308 provincia,
664 2267 697 2295 et
723 2261 799 2295 loco
821 2266 855 2295 et
882 2260 1099 2301 auctoritate,
1119 2268 1151 2295 et
1178 2261 1385 2297 fortitudinis
1409 2268 1442 2297 et
1469 2262 1657 2310 prudentiae

254 2320 412 2366 opinione
432 2319 489 2354 diu
507 2319 588 2362 fuit3
617 2331 798 2366 acremque
817 2319 849 2353 se
871 2319 986 2354 mortis
1013 2319 1112 2354 amici
1137 2319 1279 2354 ultorem
1298 2320 1466 2367 praebuit3
1487 2333 1553 2355 non
1584 2332 1658 2367 par-
