1922 2767
251 270 291 301 12
694 268 761 304 DE
791 267 1010 304 FAMILIA
1041 268 1213 304 HUMIA

241 370 374 415 joribus
392 371 517 405 tradita
536 383 598 413 res,
619 377 653 406 et
670 371 846 406 hominum
865 372 1075 407 sermonibus
1094 379 1128 407 et
1146 373 1328 408 vernaculo
1348 374 1497 409 carmine
1516 374 1550 408 in
1565 373 1654 408 hunc

247 429 352 475 usque
371 429 462 463 diem
481 429 664 472 celebrata,
685 430 733 465 ita
758 431 791 465 se
820 430 952 465 habuit.
1007 431 1138 466 Persius
1168 431 1321 466 Umbriae
1352 444 1478 474 comes,
1507 433 1655 468 colleGm

246 487 324 522 satis
352 500 479 534 magna
505 501 620 528 mann,
640 489 683 523 ad
713 489 864 536 quinque
891 490 1038 524 virorum
1067 490 1172 525 millia
1202 490 1298 525 fuisse
1327 490 1558 537 perhibentur,
1586 503 1653 526 non

245 546 373 593 absque
387 547 569 593 jactantia,
586 547 617 581 se
635 546 840 582 Humiorum
859 560 984 594 pecora
1003 548 1035 582 in
1055 548 1200 596 ipsorum
1220 555 1455 596 contemptum
1475 562 1515 584 ac
1530 562 1652 597 oppro-

244 605 353 640 brium
373 605 587 647 abaeturum,
609 605 781 647 dictitans,
805 606 962 646 Bervico,
981 619 1041 653 per
1066 613 1199 654 portam
1220 607 1351 642 Marcae
1379 608 1601 654 appellatam,
1620 609 1652 642 in

246 664 411 704 Scotiam,
433 663 686 698 Alcamnefi'um
712 665 817 711 usque
837 665 1102 711 praedabundus‚
1118 666 1283 713 irrumpit.
1339 666 1446 705 Semi,
1465 667 1523 713 qui
1542 667 1653 714 proxi-

244 735 299 757 me
315 723 527 765 accolebant,
545 723 704 765 clamore,
719 730 756 757 ut
768 723 814 765 fit,
829 724 950 766 exciti3
966 724 1234 771 longinquiores,
1249 724 1385 772 ignibus
1400 725 1443 760 de
1460 725 1652 772 Anglorum

247 781 395 816 adventu
415 782 576 817 certiores
593 782 689 823 facti,
711 794 788 816 cum
808 782 1029 817 tumultuarie
1043 783 1270 825 accurrifi'ent,
1291 783 1398 818 libera
1417 784 1652 831 populatione,

243 853 345 887 quam
365 846 480 875 vetare
494 853 562 875 non
575 846 744 887 poterant,
759 840 911 876 hostibus
929 841 1095 888 permiffa,
1115 842 1172 876 seu
1190 842 1340 882 fortuna,
1360 843 1415 877 seu
1436 842 1553 877 debita
1571 855 1651 890 ope—

241 912 289 939 ra,
310 906 345 934 ut
359 912 418 934 eos
436 899 469 933 in
489 899 599 934 reditu
622 899 828 946 exciperent,
850 899 892 934 ad
914 900 1158 942 Millertonem,
1179 901 1273 947 quod
1292 901 1443 935 secutum
1463 901 1511 936 est
1531 901 1650 948 proelio

242 958 402 1000 nobilem,
423 970 624 992 convenere.
680 958 774 992 Situs
802 958 849 992 est
876 958 903 992 is
931 958 974 992 ad
996 959 1110 1005 Ayum
1136 971 1284 999 amnem,
1304 960 1383 1007 ripis
1403 965 1439 994 ut
1466 960 1650 1007 plurimum

242 1016 456 1064 impeditum,
476 1022 507 1050 et
530 1016 665 1051 Billiam
685 1016 859 1063 paludem,
878 1016 932 1050 vix
959 1016 1099 1063 singulis
1118 1018 1292 1064 equitibus
1311 1031 1386 1052 raro
1405 1018 1493 1053 vado
1519 1031 1650 1065 perme-

240 1075 376 1115 abilem,
396 1075 491 1110 collis
510 1075 627 1109 acclivi
646 1074 793 1121 fastigio,
815 1075 947 1121 angusti
967 1075 1094 1110 itineris
1112 1076 1230 1111 fauces
1249 1077 1473 1123 praecludens,
1490 1077 1581 1112 unde
1599 1078 1649 1111 fa-

242 1135 305 1170 cile
325 1134 406 1169 esl'et
431 1134 463 1168 in
491 1134 618 1168 hostem
643 1134 833 1175 decurrere,
855 1139 914 1168 aut
941 1134 1191 1169 imminentium
1211 1135 1348 1170 collium
1368 1135 1517 1182 aliquem
1547 1148 1648 1171 occu-

239 1206 330 1240 pare,
351 1193 409 1240 qui
427 1193 531 1240 longo
546 1193 633 1239 jugo
653 1192 695 1226 ad
721 1205 814 1227 mare
839 1205 926 1239 pene
953 1193 1214 1239 protenduntur,
1235 1206 1374 1240 quaque
1395 1194 1512 1241 Anglo
1533 1194 1648 1230 Bervi-

239 1263 316 1285 cum
335 1252 502 1298 repetenti
529 1251 782 1285 transeundum.
836 1251 944 1286 Erant
971 1251 1015 1286 ibi
1036 1252 1135 1298 pauci
1156 1252 1294 1299 quidem
1319 1264 1470 1295 numero,
1492 1260 1529 1287 ut
1553 1254 1586 1288 in
1614 1267 1649 1288 re

239 1309 359 1350 subita,
378 1322 443 1344 nec
462 1310 551 1344 enim
580 1309 692 1356 plures
721 1310 931 1357 octingentis
951 1310 1181 1357 perhibentur,
1203 1311 1285 1345 certi
1312 1317 1427 1346 tamen
1450 1313 1645 1359 confligere,

236 1369 260 1403 fi
279 1381 346 1415 qua
365 1369 410 1403 rei
431 1369 519 1403 bene
538 1368 698 1416 gerendae
717 1368 849 1403 occasio
869 1369 1028 1412 daretur3
1049 1369 1145 1404 ducis
1164 1369 1319 1416 partibus
1341 1370 1495 1418 Georgio
1517 1371 1646 1406 Humio

239 1428 516 1462 VVedderburnio
536 1429 709 1463 communi
729 1429 891 1463 consensu
914 1428 1047 1467 delatis,
1067 1428 1197 1463 bostem
1217 1428 1348 1463 alacres
1375 1430 1573 1476 operiuntur
1590 1444 1598 1471 3
1620 1431 1646 1464 is

236 1487 442 1521 descendere
462 1500 503 1522 ex
522 1487 618 1534 equis
633 1487 743 1534 jubet,
764 1487 859 1521 suum
880 1487 1053 1534 imprimis,
1071 1487 1195 1522 deinde
1215 1493 1248 1522 et
1267 1488 1411 1522 aliorum
1426 1501 1444 1522 e
1459 1489 1645 1536 conspectu

236 1552 382 1587 amovet,
404 1559 443 1580 ac
461 1558 612 1593 pugnam
632 1546 764 1593 pedites
784 1547 982 1592 expectant.
1029 1546 1160 1581 Persius
1179 1547 1310 1582 interea
1325 1548 1440 1582 onmia
1459 1560 1518 1594 per
1537 1549 1642 1582 otium

238 1604 432 1651 populatus,
463 1604 557 1638 hoste
585 1605 751 1651 nusquam
770 1604 850 1646 viso,
871 1605 950 1639 satis
977 1617 1103 1652 magna
1125 1605 1241 1652 praeda
1260 1606 1399 1640 onustus
1425 1607 1458 1640 in
1480 1607 1643 1654 Angliam

236 1663 380 1703 redibat,
400 1675 477 1697 cum
496 1663 588 1697 videt
607 1663 639 1697 in
667 1663 798 1697 tumulo
822 1663 1003 1697 Scotorum
1034 1664 1144 1698 aciem
1174 1663 1217 1698 ad
1245 1664 1402 1711 proelium
1430 1665 1640 1701 instructam.

235 1721 289 1756 Ea
307 1734 359 1755 res
386 1721 597 1756 deliberandi
623 1721 833 1755 occasionem
864 1721 1018 1768 praebuit.
1074 1721 1232 1769 Rogatus
1260 1723 1461 1757 sententiam
1493 1723 1639 1765 Selbius,

233 1779 299 1814 five
318 1780 453 1813 occulta
479 1780 511 1813 in
542 1779 690 1813 Persium
717 1780 855 1819 invidia,
884 1786 919 1814 ut
939 1780 1058 1814 volunt
1087 1781 1250 1822 nonnulli,
1271 1780 1337 1815 five
1362 1781 1638 1825 Wedderburnss,

235 1838 384 1885 quicum,
401 1838 446 1872 illi
462 1844 626 1885 quantum
642 1850 701 1884 per
716 1850 897 1873 commune
912 1838 1038 1873 bellum
1053 1839 1188 1881 licebat,
1205 1839 1336 1886 privata
1352 1840 1501 1875 amicitia
1516 1841 1637 1883 fuerat,

235 1896 477 1938 familiaritate,
491 1896 557 1930 five
572 1897 697 1943 potius,
710 1902 746 1930 ut
761 1903 903 1931 eventus
922 1897 1168 1944 comprobavit,
1184 1897 1291 1938 recta,
1304 1903 1375 1932 tum
1388 1898 1553 1939 locorum,
1566 1906 1638 1934 tum

232 1956 380 1994 suorum,
398 1960 432 1989 et
450 1954 593 1989 hostium
614 1955 847 1997 aestimatione,
870 1961 905 1989 ut
925 1962 997 1990 erat
1024 1962 1246 2003 utrorumque
1265 1969 1401 2003 gnarus,
1433 1964 1465 1992 et
1485 1958 1532 1992 rei
1554 1959 1639 1993 mili—

232 2014 312 2048 taris
332 2026 371 2047 ac
395 2014 496 2048 moris
522 2013 687 2048 limitanei
709 2014 795 2047 inter
822 2026 951 2060 paucos
980 2015 1119 2060 peritus,
1146 2027 1300 2061 pugnam
1329 2015 1520 2059 difl'uadet3
1552 2018 1639 2052 viros

232 2072 298 2107 efi'e
330 2084 436 2111 acres,
463 2072 620 2113 irritatos,
644 2072 956 2107 WVedderburnium
984 2073 1118 2114 fortem,
1143 2073 1292 2121 Anglico
1312 2075 1439 2109 nomini
1467 2076 1637 2111 infensissi-

232 2144 325 2165 mum
339 2145 348 2173 ς
365 2130 456 2165 baud
469 2130 572 2177 longe
585 2130 697 2165 abeffe
714 2130 907 2171 Bervicum,
920 2137 1030 2165 tutum
1043 2138 1175 2166 mature
1190 2133 1308 2179 fugam
1324 2133 1573 2180 capefl'entibus
1588 2148 1637 2170 re—

231 2196 380 2237 ceptum,
399 2202 511 2236 operae
530 2189 675 2236 pretium
694 2190 846 2224 facturos
860 2190 882 2224 fi
902 2190 1123 2237 pernicissime
1143 2191 1318 2225 evaserint.
1366 2191 1498 2228 Persius
1512 2193 1636 2240 iniquis

231 2248 368 2283 auribus
387 2248 575 2283 orationem
603 2248 748 2295 accepit,
768 2261 807 2283 ac
834 2249 1007 2284 hominem
1036 2249 1263 2291 abominatus,
1293 2257 1326 2285 et
1357 2257 1486 2286 metum
1515 2265 1635 2299 expro-

232 2307 343 2349 brans,
366 2313 400 2341 ut
420 2319 532 2354 quem,
554 2307 731 2354 probabile
750 2307 899 2348 dicebat,
918 2307 1000 2342 nihil
1019 2308 1110 2343 aliud
1132 2315 1205 2343 tota
1222 2309 1287 2344 vita
1305 2323 1407 2357 quam
1429 2311 1547 2358 sugere
1566 2323 1635 2345 me-
