1922 2767
253 287 300 318 30
700 281 770 316 DE
801 280 1020 316 FAMILIA
1050 280 1223 316 HUMIA

255 386 375 426 mines,
390 397 548 433 proceres
565 384 713 419 ludibrio
727 384 860 424 haberi,
880 383 972 431 apud
993 383 1116 418 Gallos
1138 383 1320 418 Scotorum
1339 387 1478 429 gentem
1493 381 1664 422 vilescere,

256 445 349 491 quod
367 452 438 479 tam
452 444 590 479 facilem
605 444 637 478 se
652 443 740 491 jugo
756 443 864 483 daret,
879 448 916 477 ut
931 442 1124 489 peregrino,
1140 453 1205 476 nec
1219 441 1265 475 illi
1280 453 1322 475 ex
1336 439 1581 479 illustrioribus,
1596 444 1666 474 tam

257 503 413 538 submisse
432 508 591 550 pareret;
619 501 787 537 fremebat
807 501 841 536 id
869 501 977 548 ipsum
1006 500 1139 547 vulgus,
1166 506 1200 534 et
1226 498 1417 534 concedisse
1446 499 1588 540 animos,
1610 497 1668 532 de-

257 574 419 610 generem
431 561 621 603 nobilitate,
635 561 796 608 ignavam
809 568 959 607 gentem,
980 559 1071 593 illam
1087 558 1179 606 quod
1195 558 1300 592 talem
1318 557 1377 592 fibi
1396 557 1561 604 praeponi,
1579 556 1668 591 lianc

258 621 351 668 quod
370 621 413 655 ab
440 620 497 655 illo
521 619 609 667 jufi'a
641 619 799 666 accipere
831 618 1049 665 dignaretur3
1077 617 1229 652 amifl'am
1256 616 1461 657 libertatem,
1482 628 1545 650 nec
1563 615 1670 650 vindi-

259 692 333 715 cem
354 691 563 726 quemquam
582 677 736 713 existere.
790 676 1066 724 Indignationem
1094 676 1198 717 auxit,
1223 675 1316 722 quod
1344 675 1377 709 in
1399 674 1550 709 Galliam
1570 674 1669 721 scrip—

258 738 329 773 fifl'e
348 743 543 785 compertus
561 736 611 777 fit,
638 736 719 771 nihil
747 748 836 783 opus
863 735 989 770 remitti
1018 746 1211 782 proregem,
1230 734 1263 768 se
1291 734 1407 768 omnia
1425 733 1458 768 in
1482 732 1599 768 Scotia
1626 732 1671 767 ad

261 796 441 831 Gallorum
460 802 580 830 nutum
599 795 909 836 circumafikurmm
938 793 1027 828 uude
1046 793 1178 828 sactum
1206 798 1242 827 ut
1261 793 1369 827 minor
1388 792 1541 839 proregis
1559 791 1672 839 gratia

260 856 294 890 in
314 855 392 890 aula
411 854 502 897 efi'et,
523 867 600 889 cum
620 854 693 900 ejus
707 865 812 900 opera
830 852 941 887 minus
960 852 1114 899 indigere
1132 851 1338 886 viderentur.
1394 850 1463 885 Sed
1478 850 1672 885 fremebant

258 914 334 949 haec
351 919 484 948 tantum
503 913 606 960 vulgo
625 912 791 951 homines,
811 918 845 946 et
863 910 1026 946 sedebant
1041 925 1049 953 ς
1071 910 1165 957 operi
1180 922 1319 945 manum
1332 909 1539 944 admovebat
1557 921 1669 951 nemo,

261 973 335 1008 aliis
362 973 458 1012 alios,
486 977 522 1006 ut
551 972 623 1006 fere
650 971 697 1011 fit,
726 969 1001 1017 expectantibus,
1029 969 1139 1004 donec
1166 968 1297 1004 occafio
1326 981 1394 1003 non
1421 975 1491 1003 tam
1519 967 1670 1015 quaesita,

262 1044 365 1079 quam
380 1032 468 1066 sorte
484 1030 613 1070 oblata,
630 1029 801 1065 Davidem
814 1029 857 1064 ad
870 1041 941 1063 rem
954 1027 1237 1075 aggrediendam,
1249 1027 1345 1062 fimul
1360 1034 1393 1062 et
1408 1027 1673 1075 perpetrandam

260 1090 406 1138 impulit.
459 1089 544 1124 Erat
563 1089 596 1123 in
616 1088 750 1123 Mercia
771 1086 999 1122 Cockburnus
1021 1085 1250 1133 Langtonius,
1271 1086 1328 1133 qui
1348 1085 1524 1120 discedens
1542 1084 1672 1132 pupillo

261 1149 330 1184 filio
351 1149 598 1184 Cockburnum
627 1147 889 1182 Clarkintonum
919 1145 951 1179 iu
982 1144 1165 1185 Lothiana,
1195 1151 1228 1179 et
1255 1143 1472 1179 Chirnfidum
1491 1144 1673 1179 Nisbetum

263 1209 298 1243 in
317 1208 460 1250 Mercia,
493 1207 662 1254 praeterito
693 1205 868 1240 Gulielmo
894 1205 1009 1246 fratre,
1040 1209 1214 1238 curatores
1244 1203 1448 1238 testamento
1477 1203 1672 1250 reliquerat.

264 1267 421 1302 Duxerat
441 1266 635 1301 Gulielmus
655 1263 799 1299 Davidis
815 1264 972 1305 sororem,
997 1262 1168 1297 Suintonii
1188 1262 1349 1302 viduam;
1376 1262 1446 1309 ipse
1464 1262 1512 1296 vir
1531 1274 1619 1303 acer,
1641 1267 1675 1296 et

263 1326 322 1373 qui
341 1326 385 1367 se,
406 1330 524 1359 contra
550 1335 679 1358 morem
706 1322 864 1369 patrium,
885 1322 943 1368 qui
971 1321 1125 1368 proximo
1144 1321 1177 1355 id
1202 1321 1303 1356 officii
1331 1320 1520 1361 deferebat,
1540 1320 1674 1356 excludi

266 1383 522 1431 indignabatur.
576 1383 628 1417 Ita
647 1381 752 1416 fultus
766 1380 920 1428 praefidio
938 1381 1080 1415 fratrum
1098 1379 1254 1420 Davidis,
1273 1379 1332 1426 qui
1350 1380 1383 1414 in
1402 1379 1594 1427 propinquo
1610 1379 1675 1414 Po-

264 1443 363 1477 luarti
380 1454 457 1477 cum
475 1447 583 1476 matre
602 1441 705 1475 vidua
723 1438 1036 1479 commorabantur,
1057 1437 1232 1486 Langtoni
1259 1451 1385 1479 arcem,
1404 1438 1437 1473 in
1456 1451 1559 1485 quam
1579 1451 1674 1473 cura-

264 1508 354 1536 tores
373 1501 574 1539 invaserant,
594 1498 736 1534 obsidet.
790 1498 829 1532 Id
847 1497 905 1532 ubi
925 1497 1071 1532 Bautius
1097 1497 1240 1537 rescivit,
1267 1497 1324 1544 qui
1347 1496 1528 1532 Calsonem
1543 1497 1675 1544 jurisdi-

266 1559 365 1595 cendi
385 1559 486 1594 causa
503 1559 591 1594 forte
609 1563 760 1599 venerat,
782 1557 923 1604 indigna
941 1568 994 1591 res
1012 1556 1093 1596 visa,
1115 1562 1149 1591 et
1168 1556 1212 1591 ad
1239 1556 1499 1591 diminutionem
1527 1556 1676 1591 auctori-

266 1619 345 1654 tatis
363 1618 464 1665 ipfius
490 1618 673 1664 pertinere.
726 1616 847 1662 Itaque
878 1616 938 1649 dat
964 1615 1080 1650 literas
1109 1615 1153 1650 ad
1173 1614 1345 1649 Davidem
1372 1620 1409 1649 ut
1435 1615 1478 1649 ad
1497 1615 1530 1649 se
1548 1615 1674 1650 veniat.

269 1677 329 1712 Ille
343 1689 472 1724 negare
490 1677 522 1711 se
540 1681 731 1716 venturum,
750 1674 810 1709 nisi
829 1680 1024 1709 commeatu
1042 1673 1229 1714 remeandi,
1248 1686 1326 1708 cum
1344 1673 1458 1714 vellet,
1472 1674 1675 1720 impetrato3

266 1749 331 1771 nec
350 1735 496 1770 Bautius
513 1747 643 1769 moram
658 1734 749 1775 fecit,
770 1733 872 1767 mittit
891 1732 1054 1780 amplum,
1073 1738 1107 1767 et
1126 1745 1203 1767 cum
1224 1731 1441 1766 Dumbarum
1459 1733 1677 1779 profecturus

268 1794 360 1834 efl'et,
375 1800 492 1828 monet
507 1799 543 1827 ut
556 1793 674 1828 itinere
689 1804 767 1827 eum
786 1791 946 1839 postridie
961 1791 1157 1826 conveniret
1172 1805 1179 1826 :
1198 1791 1330 1826 factum
1345 1791 1378 1825 id
1393 1792 1440 1826 ita
1455 1791 1504 1826 est
1520 1805 1528 1833 ;
1545 1791 1676 1838 egress'o

268 1865 311 1887 ex
330 1852 424 1895 urbe,
457 1864 534 1886 cum
561 1851 634 1899 jam
660 1863 766 1885 unum
795 1856 854 1884 aut
885 1850 1029 1884 alterum
1047 1850 1178 1884 miliare
1208 1849 1415 1891 confecisset,
1436 1850 1472 1884 fit
1490 1850 1521 1885 ei
1540 1849 1677 1885 obviam

270 1910 577 1946 VVedderburnius.
633 1909 786 1944 Comiter
805 1908 981 1955 excipitur,
1008 1913 1042 1943 et
1061 1908 1183 1950 vultus,
1204 1915 1238 1942 et
1256 1908 1354 1955 primi
1381 1909 1578 1956 congressus
1597 1909 1676 1944 satis

264 1970 378 2017 pacati
394 1976 428 2004 et
447 1969 546 2004 amici
562 1983 571 2012 3
592 1968 710 2003 sensim
729 1967 773 2002 ad
791 1973 921 2001 motum
941 1967 1035 2001 illum
1053 1966 1213 2002 devenire
1229 1981 1238 2009 ;
1267 1967 1452 2002 admonere
1472 1967 1618 2003 Bautius
1637 1974 1674 2002 ut

267 2029 403 2063 affinem
421 2033 455 2063 et
470 2028 591 2063 fratres
610 2027 653 2062 ab
672 2027 810 2074 incepto
837 2026 1008 2068 deducat;
1037 2025 1104 2060 effe
1123 2038 1193 2060 rem
1212 2025 1339 2072 peffimi
1358 2026 1517 2073 exempli,
1536 2039 1600 2061 nec
1626 2027 1675 2061 fe-

267 2087 407 2123 rendam
422 2101 430 2130 ;
446 2086 470 2121 fi
482 2098 586 2133 quam
603 2085 777 2120 Gulielmo
790 2084 946 2131 injuriam
959 2084 1089 2119 factam
1104 2084 1322 2131 putent,jure
1337 2084 1591 2131 experirentur3
1610 2097 1678 2120 non

269 2146 335 2181 effe
352 2146 384 2180 vi
404 2145 590 2192 agendum,
609 2143 667 2178 sed
684 2143 842 2191 legibus;
863 2148 982 2190 patere
1000 2154 1060 2189 per
1079 2154 1137 2177 eas
1156 2142 1245 2176 viam
1264 2142 1307 2177 ad
1329 2143 1506 2190 justitiam.
1560 2143 1617 2178 Ad
1636 2156 1678 2178 ea

271 2203 386 2240 David
405 2203 521 2238 sedulo
540 2204 573 2237 se
591 2214 750 2249 purgare,
769 2200 851 2236 nihil
871 2200 914 2235 ad
932 2201 965 2235 se
980 2212 1051 2235 rem
1069 2200 1261 2247 pertinere3
1278 2201 1409 2236 factam
1423 2201 1562 2248 quidem
1580 2201 1677 2236 Guli-

267 2263 356 2298 elmo
374 2262 480 2298 videri
498 2261 668 2309 injuriam,
692 2259 785 2310 quod
817 2264 934 2294 contra
961 2271 1092 2294 morem
1121 2259 1268 2306 patrium
1287 2272 1307 2294 a
1325 2259 1444 2307 pupilli
1463 2259 1598 2307 nepotis
1617 2260 1674 2295 ad-

268 2321 511 2357 ministratione
531 2325 720 2362 arceretur;
750 2319 863 2354 dicere
882 2318 915 2353 id
943 2323 1137 2354 curatorum
1159 2319 1279 2354 fraude
1301 2320 1413 2367 magis
1431 2332 1535 2368 quam
1553 2320 1675 2361 fratris,
