1922 2767
260 283 303 314 22
703 279 769 314 DE
799 278 1018 314 FAMILIA
1046 278 1220 314 HUMIA

261 387 352 423 nata,
373 382 415 416 ab
434 381 569 417 Joanne
587 381 815 429 gubernatore
839 381 980 423 inflicta,
1001 380 1240 428 instigantibus
1267 386 1301 416 et
1320 380 1524 428 juvantibus
1545 380 1668 420 Gallis,

262 441 443 486 praesertim
469 440 594 475 Bautio
619 440 723 476 nobili
747 439 861 480 Gallo,
885 440 943 487 qui
971 439 1191 486 gubernatori
1218 439 1351 480 charus,
1384 446 1418 474 et
1448 439 1668 474 conciliorum

263 499 413 533 omnium
442 505 499 533 aut
527 499 657 541 auctor,
678 505 737 534 aut
762 498 933 546 particeps
959 498 1034 532 fuit.
1087 497 1193 532 Haud
1220 498 1282 532 erit
1301 497 1450 532 alienum
1471 509 1542 532 rem
1560 502 1668 532 totam

263 556 364 603 paulo
389 557 489 591 altius
513 557 693 604 repetitam
720 563 799 591 ante
825 556 943 591 oculos
970 568 1108 603 ponere.
1162 555 1358 590 Alexander
1386 555 1535 591 Humius
1560 555 1669 590 tribus

262 615 419 661 princeps
437 615 470 649 in
489 615 645 662 flagranti
665 615 756 662 apud
775 614 945 649 Jacobum
963 619 1122 661 quartum
1140 615 1250 660 gratia
1268 614 1379 655 fuerit,
1397 619 1430 648 et
1449 613 1492 648 ab
1511 626 1552 648 eo
1572 625 1668 661 mag-

263 685 325 707 nus
353 673 478 708 Scotiae
504 674 720 715 camerarius,
741 679 778 707 ut
803 678 938 714 vocant,
959 672 1084 712 factus,
1105 672 1215 719 (quod
1242 672 1389 706 officium
1415 677 1449 706 et
1475 677 1571 719 pater
1590 678 1670 706 ante

265 731 438 777 gefferat‚)
455 738 488 766 et
507 731 664 766 omnibus
677 731 840 766 limitibus
858 731 1053 778 praefectus,
1075 730 1243 765 Merciam
1256 730 1476 777 provinciam,
1491 730 1670 765 numerosa

266 795 369 836 gente
393 797 427 824 et
453 790 618 824 clientelis
642 790 850 837 complexus,
879 802 967 836 pene
995 789 1083 823 solus
1107 788 1295 831 obtinebat,
1325 789 1481 836 adeoque
1511 793 1671 824 caeteram

265 860 401 882 omnem
435 848 648 883 nobilitatem
681 848 836 895 potentia
865 848 969 894 longe
1004 847 1169 882 anteibat.
1236 847 1402 882 Junxerat
1433 853 1467 882 et
1502 847 1667 882 affinitate

268 906 433 940 Aranium
453 913 485 941 et
506 906 806 953 Monogamerium
825 907 978 947 comites,
998 906 1099 952 hujus
1118 906 1223 940 duaa
1249 906 1372 946 sorore,
1390 906 1437 940 illi
1464 906 1522 940 sua
1548 906 1581 941 in
1599 918 1670 941 ma-

266 964 458 998 trimonium
488 964 680 1007 collocata3
708 964 759 999 his
785 963 908 1011 opibus
934 964 1050 1006 fretus,
1077 964 1229 998 extincto
1256 976 1349 1011 rege,
1368 976 1444 999 cum
1468 964 1588 1012 regina
1609 977 1670 999 nu-

267 1022 379 1057 bendo
398 1023 492 1069 regni
512 1023 619 1057 tutela
637 1022 820 1064 excidiffet,
836 1034 900 1056 nec
918 1021 961 1056 de
979 1034 1122 1069 prorege
1135 1022 1282 1057 creando
1301 1022 1392 1057 domi
1411 1023 1496 1058 inter
1514 1035 1671 1070 proceres

267 1082 472 1123 conveniret,
501 1081 650 1116 animum
678 1081 721 1115 ad
748 1080 943 1116 Johannem
972 1080 1151 1115 Stuartum
1178 1080 1273 1115 ducis
1303 1081 1461 1116 Albaniae
1487 1081 1602 1123 filium,
1626 1081 1670 1116 ab

268 1140 366 1174 exule
392 1146 487 1186 patre
514 1140 546 1174 in
576 1139 690 1174 Gallia
720 1144 938 1186 prognatum,
960 1138 1003 1173 ad
1034 1138 1129 1185 regni
1156 1138 1389 1185 gubernacula
1420 1139 1671 1174 admovendum

269 1198 405 1245 adjecit,
425 1198 580 1245 adeoque
599 1199 631 1232 in
651 1210 727 1233 eam
749 1210 819 1232 rem
845 1209 971 1244 pronus
997 1197 1092 1239 ierat,
1113 1203 1149 1231 ut
1177 1197 1387 1232 Archibaldo
1408 1198 1572 1246 Duglafio
1600 1198 1671 1233 An-

268 1256 362 1304 gufio
381 1257 568 1291 auscultare
588 1256 763 1296 recusavit,
781 1255 873 1290 baud
891 1255 952 1290 abs
978 1268 1013 1290 re
1039 1256 1203 1296 monenti,
1222 1256 1287 1290 effe
1314 1268 1391 1291 eum
1413 1256 1487 1303 jam
1505 1262 1671 1297 exterum,

268 1327 331 1350 nec
350 1315 476 1362 linguae
494 1316 654 1349 societate
672 1315 712 1350 iis
725 1314 895 1361 junctum,
916 1326 979 1349 nec
1000 1314 1102 1349 moris
1132 1313 1312 1348 Scotorum
1335 1327 1491 1360 gnarum,
1510 1315 1603 1350 nulla
1627 1315 1670 1351 ab

270 1382 310 1404 eo
329 1370 494 1416 speranda
513 1370 670 1404 amicitiae
688 1369 809 1411 officia,
829 1381 893 1403 nec
911 1381 1026 1403 carere
1048 1368 1209 1415 periculo,
1230 1369 1321 1416 quod
1340 1369 1372 1403 in
1401 1370 1473 1416 ejus
1504 1370 1671 1416 potestate

270 1429 429 1474 puerulus
448 1441 504 1463 rex
522 1429 653 1462 futurus
672 1427 763 1470 esset,
793 1428 889 1474 cujus
907 1427 976 1462 sola
995 1428 1063 1462 vita
1085 1440 1104 1462 a
1131 1440 1237 1474 regno
1265 1435 1446 1463 arceretur.
1500 1433 1522 1448 ‘¹
1542 1429 1671 1471 Quin‚”

271 1486 390 1532 inquit,
409 1486 615 1528 Alexander,
636 1486 772 1520 nomine
787 1498 865 1520 eum
880 1485 1089 1520 familiariter
1102 1486 1321 1532 compellans,
1344 1490 1364 1506 ‘⁶
1379 1486 1541 1533 partimur
1558 1488 1671 1534 potius

272 1545 483 1591 provinciam
521 1550 554 1579 et
584 1551 621 1579 tu
651 1544 827 1579 limitanea
854 1556 895 1578 ac
930 1543 1170 1578 cisforthanam
1201 1544 1376 1591 regionem
1411 1544 1670 1592 gubernandam

273 1603 409 1649 suscipe,
439 1602 518 1637 mihi
538 1603 833 1642 transforthanam‚
860 1608 893 1636 et
922 1602 1072 1636 borealia
1091 1602 1240 1637 cedito.’'
1294 1602 1354 1637 Ille
1373 1609 1488 1638 tamen
1510 1604 1671 1640 immotus

273 1661 435 1707 profefl'us
454 1661 566 1708 palam
585 1661 618 1695 in
637 1661 780 1695 concilio
799 1660 847 1695 est
861 1661 894 1695 se
913 1660 966 1694 vel
986 1661 1102 1702 solum,
1123 1660 1144 1695 fi
1158 1660 1213 1695 alii
1229 1661 1480 1703 cunctarentur,
1501 1661 1671 1698 Joannem

273 1719 503 1754 reducturum.
558 1718 672 1753 Credo
691 1719 833 1753 veritum
851 1719 884 1753 in
903 1718 1017 1758 infida,
1036 1725 1072 1753 ut
1090 1719 1136 1760 fit,
1157 1719 1251 1766 regni
1276 1719 1448 1762 societate,
1467 1719 1491 1754 fi
1509 1721 1591 1768 quid
1609 1721 1672 1756 dis-

276 1777 354 1812 cidii
385 1777 568 1824 aliquando
599 1778 750 1819 oriretur,
784 1789 826 1812 ne
847 1776 1001 1824 Angufio
1030 1777 1135 1824 Angli
1163 1777 1327 1812 affinitate
1356 1777 1501 1819 suffulto,
1530 1778 1673 1815 duxerat

277 1836 366 1870 enim
386 1836 539 1882 reginam
567 1835 802 1883 Margaretam
826 1834 965 1870 Henrici
986 1836 1091 1882 Angli
1118 1836 1274 1878 sororem,
1302 1835 1410 1883 impar
1435 1836 1528 1878 esset,
1553 1837 1613 1872 nifi
1639 1845 1673 1874 et

276 1895 345 1941 ipse
363 1902 502 1929 externo
521 1894 635 1940 aliquo
664 1894 789 1929 auxilio
818 1894 1003 1936 niteretur;
1031 1893 1095 1928 hoc
1121 1899 1236 1928 autem
1266 1906 1334 1928 non
1364 1895 1512 1936 aliunde,
1531 1908 1634 1943 quam
1653 1910 1673 1932 a

279 1952 389 1987 Gallis
419 1952 641 1999 sperandum
667 1964 731 1987 nec
749 1965 768 1986 a
789 1951 899 1986 Gallis
931 1952 997 1986 alia
1023 1964 1127 1998 quam
1156 1952 1272 1987 Albini
1300 1965 1415 2000 opera,
1443 1966 1546 2001 quem
1576 1961 1673 1991 tanto

276 2010 441 2046 beneficio
469 2010 676 2050 devinctum,
703 2016 735 2044 et
766 2010 972 2057 gratitudine
1003 2010 1205 2057 postulante,
1236 2016 1270 2045 et
1298 2011 1493 2047 necestitate
1516 2019 1670 2061 urgente,

275 2081 343 2104 non
372 2069 428 2103 alii
458 2068 568 2115 magis
595 2069 740 2108 fisurum,
770 2080 838 2102 non
857 2068 942 2102 alius
971 2068 1081 2115 magis
1100 2080 1203 2115 quam
1221 2069 1279 2104 sua
1308 2082 1411 2116 opera
1435 2071 1582 2112 usurum,
1610 2085 1674 2107 nec

278 2128 380 2162 alium
399 2127 503 2161 ullum
521 2126 631 2173 magis
649 2126 891 2161 honoraturum
910 2126 1078 2173 sperabat.
1131 2126 1252 2174 Itaque
1271 2128 1304 2162 in
1322 2128 1471 2176 incoepto
1498 2130 1633 2176 perstat,
1653 2144 1672 2166 e

280 2186 395 2221 Gallia
413 2184 663 2224 accersendum,
683 2184 805 2219 ducem
824 2190 858 2219 et
877 2183 1017 2219 Merciae
1035 2184 1194 2219 comitem
1225 2185 1479 2228 declarandum,
1498 2196 1532 2223 et
1560 2200 1673 2235 prore-

277 2257 356 2293 gem
374 2244 417 2279 ad
436 2249 602 2278 maturam
628 2243 733 2289 usque
752 2242 841 2290 regis
858 2248 995 2277 aetatem
1019 2243 1203 2278 creandum
1222 2251 1328 2279 curat.
1382 2245 1428 2280 Ut
1448 2245 1672 2281 Britanoduni

279 2302 440 2351 appuliss'e
467 2301 641 2344 intellexit,
676 2300 825 2341 festinat,
844 2307 880 2336 ut
904 2300 982 2336 inde
1001 2301 1138 2336 exeunti
1164 2302 1196 2336 in
1228 2303 1346 2338 itinere
1376 2310 1552 2347 occurrat3
1580 2305 1673 2340 varia
