1922 2767
233 262 277 297 62
679 262 747 298 DE
777 262 995 298 FAMILIA
1024 261 1197 298 HUMIA

235 369 406 416 praecipue
434 381 572 416 genere,
603 381 747 416 quorum
775 381 897 416 corpus
923 369 1111 411 minimum,
1140 368 1203 403 alae
1231 368 1403 415 longiores
1430 368 1516 410 sunt,
1551 367 1644 402 Mar-

235 427 342 462 liones
363 434 494 470 vocant,
515 429 585 475 qui,
604 427 663 463 nifi
688 429 776 463 sorte
800 428 968 463 dicuntur.
1022 427 1087 463 His
1113 428 1290 475 perdicum
1314 433 1497 475 utrumque
1523 439 1645 474 genus,

236 492 306 520 tam
337 486 418 521 illud
438 487 528 534 quod
549 487 635 522 inter
665 488 798 535 segetes
829 487 1001 522 exclusum
1019 486 1174 533 frugibus
1194 486 1303 528 alitur,
1325 499 1429 533 quam
1448 486 1540 534 quod
1559 486 1645 520 inter

235 544 362 579 ericeta
380 545 485 591 degit,
507 545 680 593 captabat.
734 546 776 580 Ei
795 546 875 580 ludo
903 546 990 580 adeo
1009 545 1222 592 indulgebat,
1243 550 1280 579 ut
1307 545 1470 592 tigurium
1488 545 1521 579 in
1548 556 1643 578 mon-

236 602 326 637 tibus
357 603 571 651 Lannnyriis,
603 617 671 652 quo
702 605 807 639 noctu
839 604 1031 646 diverteret,
1064 604 1223 638 aedificari
1253 603 1387 645 curarit,
1422 602 1645 638 Hardaxvodi

234 662 383 701 nomine,
403 668 439 696 ut
458 674 499 696 ex
518 663 708 710 propinquo
723 668 959 710 occuparetur.
1013 662 1220 697 Falconibus
1240 661 1351 708 (quod
1370 660 1512 707 vocant)
1533 661 1645 695 delec-

235 726 327 755 tatus
361 720 517 767 primum,
551 721 728 756 custodum
754 721 966 769 negligentia
997 726 1031 755 et
1061 721 1199 768 pigritia
1230 720 1378 754 irritatus
1406 725 1440 754 et
1470 720 1643 767 pertaesus,

237 779 385 821 amovit3
415 779 522 814 altero
552 780 609 815 illo
637 780 846 827 (aquilarum
875 792 961 827 quos
981 779 1145 825 diximus)
1172 791 1299 826 genere
1330 779 1435 825 usque
1467 778 1509 813 ad
1538 779 1645 813 seram

236 843 373 872 {etatem
392 839 469 873 usus
487 839 546 873 est.
601 839 717 886 Atque
735 839 786 873 his
806 839 851 873 ita
877 839 909 873 se
928 838 1091 878 exercuit,
1111 844 1147 872 ut
1165 838 1319 872 locorum
1338 837 1477 884 ingenia
1496 843 1530 871 et
1547 836 1646 871 situm

235 895 401 938 didicerit,
426 897 624 944 viarumque
656 897 868 944 peritissimus
897 897 1050 931 evaserit.
1105 896 1296 943 Equitabat
1323 896 1442 943 perite,
1472 902 1505 930 et
1537 908 1645 943 equos

237 954 407 990 interdum
446 956 631 990 ferociores
665 956 735 1002 ipse
766 955 955 995 domabat&
990 967 1070 989 arcu
1102 954 1313 989 scientissime
1343 954 1577 1001 jaculabatur,
1607 961 1644 989 ut

236 1014 337 1059 pauci
356 1020 543 1061 aequarent.
586 1014 748 1061 Frigoris,
768 1013 901 1055 inediae,
922 1013 999 1055 fitis,
1019 1013 1156 1054 laboris,
1177 1013 1302 1060 vigiliae
1317 1013 1462 1060 patiens,
1478 1018 1546 1048 tres
1561 1025 1643 1048 con-

236 1072 348 1107 tinuos
367 1073 439 1107 dies
458 1085 498 1107 ac
517 1073 638 1107 noctes
658 1073 827 1106 insomnes
847 1071 1014 1119 peregisse
1032 1071 1179 1106 narrasse
1198 1071 1360 1113 memini;
1391 1071 1457 1106 cibi
1477 1072 1644 1119 potusque

236 1130 432 1165 moderatus
451 1132 523 1177 (vix
543 1143 583 1165 ea
602 1137 673 1165 tum
692 1131 766 1165 laus
784 1126 874 1176 erat)
895 1131 1085 1177 frequente,
1103 1142 1180 1176 quae
1198 1142 1288 1164 nunc
1307 1136 1377 1164 tam
1396 1142 1471 1164 rara
1486 1130 1545 1170 est,
1559 1136 1644 1165 tem-

235 1190 410 1235 perantia3
430 1190 531 1224 semel
551 1203 627 1224 cum
647 1189 845 1224 adolescens
863 1189 1002 1223 liberius
1021 1188 1214 1228 indulfifl'et,
1233 1201 1274 1223 ac
1293 1200 1370 1222 cum
1386 1188 1504 1223 amicis
1522 1189 1644 1223 sermo-

235 1259 313 1282 nem
332 1248 530 1290 instituifi'et,
551 1261 615 1283 nec
634 1249 679 1282 illi
699 1260 815 1283 aurem
836 1249 891 1294 (ut
909 1246 1082 1293 solebant)
1102 1247 1256 1281 volentes
1281 1246 1484 1294 praeberent,
1505 1248 1644 1294 ipseque

235 1306 295 1340 fibi
319 1307 422 1353 paulo
450 1307 626 1354 loquacior
646 1307 826 1348 videretur,
847 1307 982 1348 veritus,
1004 1319 1046 1340 ne
1075 1305 1168 1353 quod
1187 1318 1228 1340 eo
1255 1306 1287 1340 in
1308 1318 1434 1352 genere
1463 1306 1644 1353 peccasset,

235 1365 393 1400 subduxit
412 1367 444 1400 se
470 1379 509 1400 ac
529 1366 710 1400 dormitum
739 1366 845 1408 abiit3
874 1365 1078 1412 experectus
1107 1365 1269 1399 continuo
1296 1365 1339 1399 ad
1359 1378 1427 1406 eos,
1449 1370 1483 1399 et
1501 1365 1583 1412 quid
1602 1365 1645 1400 de

235 1424 306 1470 ipso
320 1424 534 1471 judicassent,
556 1430 785 1472 percontatus,
807 1436 884 1459 cum
904 1429 1071 1471 negarent
1090 1424 1123 1458 se
1142 1423 1327 1470 quicquam
1346 1424 1414 1458 tale
1434 1423 1644 1459 animadver-

235 1482 319 1523 tiss'e,
338 1484 473 1530 gavisus
492 1483 549 1518 fibi
569 1483 628 1523 est,
647 1489 762 1518 tamen
783 1483 989 1518 documento
1008 1482 1041 1517 id
1061 1482 1091 1516 ei
1106 1483 1169 1516 fuit
1187 1482 1320 1522 exinde,
1336 1482 1450 1529 quoad
1465 1482 1556 1524 vixit,
1573 1489 1644 1517 tam

234 1541 338 1589 longe
358 1541 401 1576 ab
420 1555 461 1576 eo
481 1541 604 1582 abesse,
624 1549 658 1577 ut
690 1542 773 1576 nihil
800 1542 878 1576 inde
910 1541 1050 1588 periculi
1077 1541 1263 1588 timeretur.
1317 1541 1439 1588 Itaque
1467 1553 1531 1575 nec
1549 1541 1643 1575 vultu

235 1613 300 1635 nec
318 1613 401 1635 voce
421 1613 584 1647 unquam,
604 1607 638 1636 et
656 1601 714 1648 qui
741 1613 831 1635 nunc
849 1601 897 1635 est
924 1601 1010 1635 inter
1037 1600 1207 1635 comitatis
1236 1599 1358 1639 officia,
1387 1599 1530 1647 potandi
1558 1599 1643 1634 mori

239 1659 491 1700 afl'cntiebatur,
510 1673 574 1695 nec
601 1659 813 1707 provocabat
833 1671 1042 1706 quenquam,
1060 1659 1114 1693 vel
1136 1658 1227 1705 joco,
1248 1658 1300 1692 vel
1319 1658 1412 1700 serio,
1434 1670 1497 1692 nec
1523 1670 1642 1705 provo-

237 1724 333 1752 catus
352 1718 546 1759 annuebat;
575 1719 643 1753 imo
667 1718 834 1753 adversari
862 1724 895 1752 et
922 1718 1191 1752 adversationem
1220 1716 1380 1764 profiteri.
1434 1715 1535 1751 Unde
1564 1729 1641 1751 cum

236 1776 381 1823 quaestor
400 1777 513 1824 regius
527 1777 620 1817 ess'et,
639 1783 672 1811 et
691 1777 723 1811 in
743 1789 841 1811 coena
860 1776 1009 1823 quadam
1023 1775 1194 1823 poculum,
1212 1775 1314 1822 quod,
1336 1787 1395 1822 pro
1414 1775 1503 1822 regis
1523 1775 1640 1817 salute,

235 1834 384 1869 hilariter
403 1836 512 1882 magis
531 1847 634 1882 quam
654 1841 711 1869 aut
738 1835 809 1882 regi
837 1840 895 1869 aut
922 1835 998 1882 ipfis
1026 1834 1212 1876 salubriter,
1242 1833 1455 1875 hauriebant,
1491 1833 1642 1869 Leviniae

236 1892 304 1927 dux
319 1893 532 1940 propinasset,
554 1900 587 1928 et
606 1906 732 1940 magna
752 1905 828 1928 cum
856 1893 1049 1928 ceremonia
1076 1893 1188 1927 nudus
1214 1892 1327 1939 capite
1345 1892 1458 1933 staret,
1478 1892 1534 1927 ille
1559 1905 1642 1939 quo-

236 1964 303 1998 que
323 1951 504 1999 assurgere,
523 1958 557 1987 et
575 1959 679 1999 caput
696 1952 825 1986 nudare
844 1957 878 1986 et
897 1952 1056 1998 poculum
1076 1951 1241 1997 accipere,
1259 1963 1299 1985 ac
1313 1950 1412 1997 juxta
1430 1951 1463 1985 se
1478 1951 1510 1984 in
1526 1952 1642 1986 mensa

235 2010 393 2045 statuere.
447 2010 536 2045 Cum
556 2016 714 2057 pergeret
732 2010 819 2044 stare
841 2009 1013 2051 Levinius,
1035 2010 1089 2043 ille
1114 2009 1254 2056 paulum
1280 2015 1441 2051 moratus,
1463 2022 1540 2043 cum
1559 2010 1641 2057 quid

240 2069 287 2103 ita
307 2069 418 2108 staret,
448 2070 657 2115 interrogat3
685 2069 738 2103 cui
767 2068 834 2108 ille,
856 2068 968 2102 “dum
996 2069 1067 2108 tu,”
1088 2068 1207 2114 inquit,
1239 2068 1431 2114 “poculum
1458 2067 1545 2102 istud
1571 2067 1641 2102 ebi-

239 2127 349 2170 bas;''
379 2133 493 2174 atque,
514 2127 685 2174 respondit
712 2127 779 2166 ille,
806 2127 942 2161 “satius
969 2126 1030 2161 erit
1052 2132 1088 2160 ut
1119 2126 1321 2166 discumbas,
1350 2126 1477 2173 alioqui
1504 2126 1642 2161 fortasse

236 2187 334 2221 nimis
353 2186 410 2220 diu
429 2185 569 2220 stares.'’
622 2185 700 2220 Nec
722 2185 777 2219 ille
796 2185 978 2219 cunctatus
1006 2184 1166 2226 arridens,
1187 2196 1313 2230 gnarus
1341 2185 1423 2231 quid
1450 2184 1509 2219 fibi
1528 2185 1640 2225 vellet,

236 2245 423 2284 discubuit3
443 2245 511 2291 ipse
531 2243 689 2290 poculum
710 2243 833 2277 auferri
853 2249 958 2277 curat.
1012 2242 1173 2277 Diximus
1192 2243 1291 2289 supra
1309 2248 1345 2277 ut
1364 2249 1507 2277 matrem
1527 2242 1639 2278 adhuc

234 2317 318 2351 puer
336 2304 503 2344 amiserit;
522 2311 653 2350 patrem
672 2308 863 2337 reverenter
877 2301 993 2336 coluit.
1045 2300 1254 2342 Novercam,
1273 2301 1377 2348 patris
1396 2302 1508 2344 causa,
1529 2301 1562 2335 in
1581 2301 1639 2336 ho-
