1922 2767
257 283 277 313 8
703 278 770 314 DE
799 278 1018 314 FAMILIA
1046 278 1218 314 HUMIA

264 387 396 417 mutato
415 381 570 424 concilio,
590 382 728 417 fratrem
747 381 943 429 compellat,
962 381 1107 417 ostendit
1125 382 1213 417 stare
1231 382 1262 417 ei
1281 383 1484 418 sententiam
1502 383 1566 418 iter
1590 383 1673 418 illud

266 440 443 488 suscipere,
462 446 536 475 orat
554 440 693 475 domum
717 441 846 483 redeat,
871 446 905 475 et.
922 440 946 475 fi
964 441 1044 488 quid
1065 440 1124 488 ipfi
1137 441 1334 476 humanitus
1360 440 1534 482 acciderit,
1557 454 1673 477 curam

267 498 449 534 liberorum
468 499 636 547 suscipiat.
690 499 753 540 Ita,
769 500 919 547 acceptis
931 499 1004 546 ejus
1017 500 1118 534 armis
1133 507 1167 534 et
1186 505 1366 547 apparatu,
1381 500 1414 534 in
1432 499 1583 535 Galliam
1596 512 1673 536 cum

269 557 356 592 duce
374 557 526 605 navigat,
545 570 585 592 ac
605 570 671 592 una
690 570 768 592 cum
786 570 828 592 eo
847 558 891 592 ad
910 557 1109 592 Vernoliam
1136 558 1241 593 caesus
1260 559 1319 592 est.
1374 558 1500 600 David,
1520 559 1674 606 suscepta

268 615 497 663 orphanorum
523 616 642 656 tutela,
670 617 791 651 mirum
818 629 886 663 qua
912 616 978 651 fide
1005 622 1038 650 et
1067 616 1249 663 prudentia
1277 628 1354 651 eam
1381 616 1673 651 administraverit.

269 673 362 709 Nam
382 680 415 709 et
435 674 634 714 Alexandri,
653 675 711 721 qui
729 680 812 709 natu
830 675 1008 716 maximus,
1030 687 1100 709 rem
1119 674 1300 722 plurimum
1328 674 1432 716 auxit,
1453 680 1487 709 et
1511 674 1597 709 duos
1615 675 1675 710 mi-

268 745 367 768 nores
388 733 559 768 Thomam
578 739 612 767 et
633 733 836 780 Georgium,
852 733 927 780 (alii
946 732 1116 768 Jacobum
1135 733 1289 779 vocant,)
1306 733 1401 767 illum
1419 732 1675 781 Tuningamiae,

270 791 368 826 istum
390 792 500 838 spon,
521 791 706 833 dominum,
727 792 892 838 coemptis
916 792 949 826 in
968 804 1085 826 eorum
1113 792 1206 826 usum
1226 792 1266 826 iis
1284 792 1391 831 terris,
1416 792 1508 833 fecit,
1535 804 1611 827 raro
1642 798 1675 827 et

270 849 475 885 celebrando
495 850 663 897 exemplo.
716 849 793 884 Nec
812 850 918 885 vitare
937 856 1051 884 tamen
1071 850 1182 897 potuit
1210 850 1291 897 quin
1318 850 1405 884 inter
1423 862 1502 885 eum
1525 856 1558 886 et
1585 850 1677 886 hunc

271 909 378 956 ipsum
399 909 643 950 Alexandrum,
664 908 729 943 five
756 908 856 955 hujus
886 909 1002 950 filium,
1024 908 1117 955 quod
1136 909 1249 955 potius
1277 908 1491 949 crediderim,
1510 909 1676 945 incideret

273 1026 478 1071 (balivatum
496 1026 637 1071 vocant)
664 1025 751 1072 jure,
772 1025 865 1072 quod
886 1025 999 1059 David
1018 1038 1038 1059 a
1056 1025 1297 1060 coenobiarcha
1315 1026 1451 1061 Joanne
1482 1026 1601 1061 Drako
1621 1039 1676 1063 ac-

274 1091 420 1131 ceperat.
462 1084 563 1125 Quod
584 1083 781 1118 Alexander
794 1084 851 1130 jus
866 1083 1071 1123 obtenderit,
1089 1083 1250 1130 equidem
1269 1085 1381 1119 nescio
1398 1099 1407 1127 ς
1427 1097 1544 1119 verum
1562 1098 1615 1120 res
1633 1086 1676 1120 ad

273 1143 415 1178 arbitros
444 1142 604 1184 deducta,
637 1143 744 1189 primo
774 1142 816 1176 ad
839 1141 1012 1176 Adamum
1039 1141 1292 1189 Hepburnium,
1319 1143 1377 1190 qui
1408 1143 1614 1178 Gallovidiae
1641 1151 1675 1179 et

274 1201 400 1249 Halefij
428 1202 601 1236 dominum
630 1202 662 1236 se
697 1207 808 1241 vocat,
827 1201 967 1248 ejusque
994 1201 1099 1235 filium
1124 1207 1242 1235 natum
1268 1202 1455 1236 maximum
1480 1202 1677 1243 Patricium,

274 1273 341 1295 una
369 1273 445 1295 cum
476 1260 624 1295 Patricio
654 1259 845 1307 Hepburno
868 1258 1059 1306 WVaghtoni
1087 1259 1280 1301 comarcho,
1309 1260 1460 1307 aliosque
1479 1273 1678 1297 communes

273 1320 410 1361 amicos,
427 1318 552 1360 delata,
570 1331 610 1353 ac
625 1318 667 1353 ab
681 1318 720 1353 iis
731 1318 822 1352 varie
839 1318 981 1365 agitata,
992 1317 1129 1352 decreta
1142 1318 1292 1365 quidem,
1308 1331 1424 1353 verum
1435 1318 1528 1354 haud
1543 1320 1678 1367 penitus

273 1377 404 1412 sublata
423 1377 482 1412 est.
535 1377 586 1411 Illi
605 1377 694 1411 enim
713 1377 807 1424 gravi
827 1377 980 1411 oratione
1001 1376 1236 1411 Alexandrum
1255 1377 1442 1424 increpant,
1461 1378 1572 1413 minus
1599 1391 1677 1413 eum

273 1436 381 1470 amice
400 1448 476 1470 cum
495 1442 617 1482 patruo
636 1435 739 1482 egiffe
758 1435 790 1469 in
812 1434 1016 1470 Alcamneffi
1043 1435 1239 1482 poffeffione
1267 1436 1485 1482 acquirenda,
1506 1449 1610 1483 quam
1629 1443 1678 1472 ta-

272 1560 305 1588 et
324 1553 501 1588 dimidium
521 1552 719 1587 Alexandro
739 1553 958 1599 adjudicant3
980 1566 1020 1587 ac
1039 1552 1080 1587 de
1096 1552 1245 1587 amicitia
1270 1552 1356 1587 inter
1382 1565 1441 1588 eos
1459 1554 1604 1589 colenda
1622 1567 1677 1589 ac-

272 1618 388 1647 curate
407 1618 539 1652 cavent,
554 1612 692 1646 decreto
711 1611 918 1658 interpofito,
937 1617 970 1646 et
988 1611 1232 1658 interpretandi
1252 1611 1325 1658 ejus
1338 1612 1426 1658 jure,
1443 1612 1465 1646 fi
1478 1613 1559 1659 quid
1574 1613 1677 1648 dubie

272 1679 474 1713 occurreret,
489 1670 546 1705 fibi
556 1672 697 1710 servato,
710 1683 903 1711 MCCCCXLI,
920 1670 1048 1705 Offtob.
1062 1682 1113 1705 x11
1130 1684 1136 1704 :
1156 1670 1247 1718 quod
1262 1670 1378 1717 postea
1394 1684 1413 1705 a
1427 1671 1562 1707 Davide
1574 1674 1677 1707 trans-

275 1730 367 1771 cribi,
385 1730 441 1764 seu
454 1730 613 1764 transumi
629 1730 746 1769 mavis,
766 1735 921 1763 curatum
936 1741 1025 1763 anno
1041 1729 1204 1775 proximo,
1221 1741 1345 1776 nempe
1363 1742 1572 1773 Mccccxmr,
1590 1731 1675 1778 Maij

274 1802 339 1829 ΧΠ,
354 1789 386 1823 in
406 1789 484 1823 aula
502 1787 822 1835 Cockburnspethii.
868 1788 1018 1823 Decreto
1034 1788 1098 1822 hoc
1112 1787 1225 1822 militis
1237 1787 1335 1822 titulo
1349 1787 1475 1835 ubique
1490 1789 1676 1837 insignitur,

274 1860 313 1882 ac
332 1847 448 1894 postea
467 1847 513 1881 ita
532 1847 575 1881 ab
595 1847 667 1881 aliis
686 1847 883 1893 usurpatur;
902 1846 1040 1893 quando
1055 1858 1134 1881 vero
1153 1852 1211 1880 aut
1230 1858 1297 1892 qua
1316 1847 1447 1882 ratione
1461 1860 1540 1882 eum
1555 1848 1676 1884 honor-

275 1919 340 1945 em,
360 1906 437 1940 satis
455 1918 582 1952 magno
601 1910 671 1939 tum
692 1905 723 1939 in
743 1905 862 1951 pretio,
879 1904 1101 1952 acquisiverit,
1122 1911 1334 1951 compertum
1349 1917 1415 1939 non
1430 1905 1554 1941 habeo.
1608 1906 1676 1942 Ve-

275 1977 348 1999 rum
366 1963 430 1998 hac
449 1964 579 1998 ratione
597 1963 689 1998 haud
708 1963 785 1998 satis
804 1963 999 2010 composita,
1028 1963 1193 2010 gliscebat
1220 1964 1333 2011 potius
1360 1964 1410 2006 lis,
1432 1965 1676 2002 accedentibus

276 2023 349 2057 aliis
368 2023 464 2069 super
483 2022 566 2057 alias
585 2022 714 2056 causas.
766 2021 860 2056 Nam
879 2028 912 2056 et
931 2021 1128 2056 Alexander
1156 2021 1300 2057 Davidis
1325 2035 1449 2069 pecora
1467 2036 1486 2058 e
1505 2025 1601 2059 terris
1627 2025 1675 2072 ip-

276 2082 341 2116 sius
370 2080 665 2127 Upsatlingtoniae‚
696 2080 981 2127 Fleimingtoniee,
1005 2079 1283 2127 WVedderburnij,
1308 2082 1420 2116 nescio
1448 2082 1544 2130 cujus
1570 2083 1676 2118 debiti

280 2140 428 2179 nomine,
448 2139 575 2186 abegit,
597 2145 629 2173 et
649 2138 799 2173 decimas
816 2138 999 2173 Thurstoni
1019 2151 1038 2173 a
1059 2138 1194 2173 Davide
1214 2140 1390 2186 usurpatas
1409 2140 1614 2183 vindicabat,
1642 2148 1675 2176 et

276 2198 334 2232 fibi
354 2210 392 2232 ac
411 2197 530 2232 Drako
553 2196 829 2243 Coldinghamiae
848 2197 1109 2237 coenobiarchae,
1132 2197 1279 2232 Sterlino
1295 2198 1526 2239 redeuntibus,
1541 2199 1675 2235 infidias

277 2256 399 2304 positas
419 2255 635 2303 querebatur.
689 2255 822 2302 ltaque,
843 2255 1029 2290 accedente
1057 2255 1100 2290 ad
1121 2255 1263 2291 Davidis
1289 2263 1403 2303 partes
1424 2257 1561 2293 Adamo
1581 2258 1675 2307 Hep-
