1922 2767
659 288 1169 324 WEDDERBURNENSI.
1573 292 1613 329 19

214 395 336 434 nescio,
355 405 552 441 quanquam
570 393 666 428 fuisse
685 392 806 440 aliquis
833 392 942 438 potest
961 392 1019 439 qui
1043 403 1105 426 nos
1132 403 1223 426 nunc
1249 391 1382 438 fugiat:
1410 391 1466 425 sed
1485 396 1519 425 et
1545 403 1614 438 qua

214 453 364 500 equitate
382 452 548 487 rationem
568 452 614 486 sui
633 451 827 486 habendam
842 450 938 485 fuisse
956 450 1131 497 persuasus
1146 449 1195 490 sit,
1211 456 1329 484 utnon
1344 449 1444 484 facile
1459 449 1612 489 dixerim,

214 512 261 546 ita
278 510 373 546 fuifi'e
400 511 560 558 aliquam,
586 510 678 545 haud
697 510 861 544 absonum
887 509 1026 544 credere
1045 508 1113 548 est;
1141 508 1207 543 hoc
1225 508 1356 543 constat
1380 520 1447 542 non
1466 507 1611 554 legibus,

213 570 323 617 magis
335 582 438 616 quam
457 581 556 616 aequo
571 574 605 604 et
623 568 724 610 bono,
744 568 857 602 vixisse
886 573 956 602 tum
984 567 1150 609 homines,
1171 573 1204 602 et
1230 566 1482 614 possessionibus
1509 566 1615 612 majo-

213 640 285 663 rum
304 628 418 675 priscis
436 628 500 663 frui
519 640 702 675 quemque,
723 626 909 661 dummodo
927 625 1065 667 reditus,
1086 630 1119 660 et
1139 626 1232 660 sueta
1245 625 1324 672 jura
1339 625 1484 659 dominis
1499 624 1615 659 debita

213 687 449 734 persolverent,
469 686 689 733 aequiffimum
707 685 909 727 habebatur,
930 684 1023 731 quod
1037 696 1101 718 nec
1115 695 1222 730 nuper
1240 683 1471 730 pacatioribus
1486 688 1614 730 tempo-

214 745 305 780 ribus
323 745 468 780 insolens
485 745 569 784 fuit;
589 744 670 790 quin
689 749 722 778 et
741 756 844 790 agere
864 743 984 790 injuste
1006 748 1216 789 putarentur,
1236 742 1315 777 licet
1329 742 1405 789 jure
1423 741 1616 776 viderentur

214 815 328 851 agere,
349 804 406 851 qui
428 803 567 838 colonos
594 802 719 849 priscos
737 801 851 836 fundis
877 806 1051 841 exuerent,
1071 800 1222 835 omnium
1250 800 1371 835 animis
1398 800 1502 834 etiam
1525 811 1616 834 nunc

214 861 332 897 infidet
351 868 383 896 et
402 862 503 909 vulgo
518 862 710 908 jactitatur.
763 860 824 895 Est
842 860 931 895 enim
950 865 987 894 ut
1004 859 1070 899 leX,
1089 871 1166 906 quae
1189 859 1364 894 hominum
1384 859 1549 900 affienes,
1569 858 1616 892 ita

214 927 247 955 et
266 921 411 968 equitas,
430 933 506 968 quae
524 921 610 967 legis
629 920 776 967 rigorem
795 920 925 954 fraenet.
981 918 1051 953 Sed
1079 918 1258 953 accidebat
1282 924 1316 953 et
1342 917 1434 959 illud,
1455 923 1492 951 ut
1510 930 1529 951 a
1547 929 1617 952 ma-

208 980 340 1027 joribus
363 980 523 1015 traditum
543 980 601 1021 est,
622 978 714 1026 quod
736 978 1042 1019 W⁷e(lderburnius,
1063 989 1140 1012 cum
1156 976 1460 1017 Donaldodunum,
1485 975 1617 1022 regium

212 1039 353 1074 feudum
373 1039 405 1073 in
432 1039 502 1086 ipso
524 1038 630 1084 Gragi
650 1037 836 1084 conspectu
862 1036 970 1077 fitum,
988 1049 1008 1070 a
1035 1048 1117 1083 rege
1146 1035 1338 1082 accepiss'et,
1367 1034 1400 1069 id
1431 1034 1560 1081 Cragio
1583 1034 1617 1067 in

214 1097 526 1145 compensatiouem
544 1096 693 1136 tradidit,
713 1096 843 1130 servata
861 1094 920 1129 fibi
941 1094 1125 1128 Thurstoni
1147 1093 1367 1141 pofl‘effione3
1396 1092 1513 1140 postea
1532 1092 1617 1127 acci-

214 1155 294 1191 disse
313 1157 417 1197 aiunt,
438 1162 474 1190 ut
493 1167 570 1190 cum
590 1154 692 1202 regiae
711 1160 808 1189 terrae
827 1154 859 1188 in
878 1153 1032 1192 feudum,
1048 1152 1141 1200 quod
1158 1158 1292 1194 vocant,
1313 1151 1548 1199 possessoribus
1570 1151 1618 1185 lo-

216 1220 384 1254 carentur,
402 1215 459 1249 seu
478 1214 590 1261 potius
604 1213 774 1254 darentur,
791 1218 825 1246 et
843 1211 990 1258 Cragius
1004 1211 1037 1245 in
1054 1210 1301 1246 Donaldoduni
1316 1209 1511 1258 pofi'effione
1526 1208 1617 1251 esset,

215 1273 261 1308 illi
279 1272 421 1308 feudum
440 1272 586 1313 daretur,
606 1271 776 1318 praeterito
800 1269 1087 1310 Wedderburnio,
1106 1275 1140 1304 et
1158 1269 1361 1304 diffimulato
1376 1269 1409 1303 se
1428 1268 1502 1315 ejus
1516 1267 1618 1302 bene-

215 1331 367 1367 ficiatum
386 1330 451 1366 ess'e
466 1344 473 1365 ε
491 1331 607 1377 itaque
626 1342 703 1364 cum
721 1328 966 1363 Donaldoduni
985 1328 1125 1376 plenum
1139 1328 1196 1375 jus
1214 1327 1365 1369 haberet,
1388 1326 1619 1361 Thurstonum

216 1403 354 1437 quoque
369 1390 498 1437 eripere
513 1394 672 1424 conatum
689 1401 697 1430 3
718 1387 796 1422 hinc
811 1387 890 1421 odia
905 1392 939 1421 et
954 1387 1044 1421 acria
1059 1387 1258 1426 certamina,
1272 1385 1354 1420 dum
1369 1385 1424 1420 ille
1438 1386 1494 1432 jus
1509 1390 1619 1432 urget,

216 1449 271 1484 hic
289 1449 489 1496 equitatem,
508 1452 551 1488 et,
572 1459 649 1494 quae
668 1447 754 1480 inter
780 1445 935 1480 homines
961 1445 1177 1480 sacratiffima
1203 1444 1269 1479 effe
1296 1444 1410 1486 debet,
1430 1443 1555 1485 fidem3
1582 1449 1618 1478 ut

217 1514 301 1547 erat,
326 1507 372 1542 ita
399 1519 479 1547 rem,
500 1518 568 1553 qua
596 1505 638 1547 vi,
659 1517 727 1552 qua
755 1504 948 1552 prudentia,
975 1504 1174 1551 composuit,
1204 1510 1240 1538 ut
1266 1509 1300 1538 et
1327 1504 1360 1538 in
1389 1502 1620 1550 poffeflionem

218 1567 311 1601 suam
331 1565 561 1600 Thurstonum
579 1564 779 1603 mitteretur,
799 1570 832 1598 et
851 1562 1014 1610 quicquid
1033 1563 1128 1597 secus
1145 1562 1278 1597 factum
1303 1561 1361 1604 est,
1381 1561 1619 1596 remitteretur.

220 1625 376 1660 Duxerat
387 1636 527 1659 uxorem
542 1621 734 1657 Iss'obellam
752 1621 926 1669 Pringlam
944 1621 1133 1655 Gallaihilii
1147 1621 1261 1663 filiam,
1277 1621 1437 1656 eximiam
1451 1625 1485 1655 et
1499 1619 1618 1661 forma,

218 1689 252 1718 et
270 1683 418 1730 corporis
435 1681 576 1717 honesta
595 1681 696 1722 mole,
718 1687 752 1715 et
770 1680 872 1714 animi
892 1680 1014 1714 virtute
1028 1679 1215 1721 foeminam,
1233 1678 1323 1714 unde
1338 1684 1372 1714 et
1386 1691 1427 1714 ex
1442 1690 1484 1713 ea
1496 1677 1621 1713 liberos

218 1742 372 1789 suscepit,
392 1754 467 1776 rara
484 1739 696 1779 fortitudine,
714 1739 877 1773 militares
892 1751 932 1773 ac
946 1738 1098 1773 strenuos
1112 1738 1200 1773 viros
1214 1750 1354 1773 omnes:
1372 1750 1395 1780 1,
1418 1736 1621 1784 Georgium,

220 1800 262 1835 de
281 1813 349 1848 quo
367 1801 486 1847 supra;
505 1811 544 1839 11,
565 1797 750 1837 Davidem,
767 1797 824 1844 qui
845 1797 930 1844 patri
950 1796 1122 1839 succeffit,
1143 1809 1197 1836 111,
1219 1795 1477 1839 Alexandrum3
1498 1807 1545 1835 lv,
1564 1794 1622 1830 Jo-

222 1871 365 1899 annem;
393 1871 426 1900 v,
447 1857 661 1899 Robertum3
691 1869 736 1898 vr,
760 1856 956 1898 Patricium,
976 1855 1067 1890 unde
1095 1867 1154 1902 per
1174 1854 1342 1890 Merciam
1364 1854 1504 1890 familiae
1523 1853 1623 1888 Man-

222 1916 377 1958 derstoni,
406 1915 600 1956 Blacadari,
630 1914 842 1955 Brumhufii3
862 1926 925 1956 v11,
954 1913 1141 1954 Andream,
1159 1913 1241 1948 item
1270 1913 1328 1960 qui
1355 1913 1460 1948 literis
1483 1924 1623 1960 operam

222 1975 327 2015 dedit,
346 1980 379 2010 et
395 1974 558 2016 lauream,
588 1986 691 2021 quam
718 1978 843 2008 vocant
870 1973 1056 2008 studiorum
1082 1972 1323 2015 testimonium,
1346 1971 1516 2014 obtinuit;
1544 1983 1622 2012 vm,

224 2032 513 2072 Bartholimaeum,
532 2032 637 2079 quiin
659 2032 827 2067 Glottiam
846 2031 1032 2078 profectus,
1049 2036 1156 2066 terras
1174 2030 1338 2078 quasdam
1357 2031 1424 2066 illic
1438 2029 1622 2078 acquifivit,

224 2091 314 2126 unde
332 2096 365 2125 et
384 2090 441 2137 qui
458 2102 549 2125 nunc
569 2089 729 2137 Simprini
749 2089 872 2124 eodem
890 2090 1028 2124 nomine
1047 2089 1139 2132 cluit,
1160 2089 1203 2124 ab
1222 2089 1279 2124 illo
1298 2089 1417 2124 tertius
1435 2089 1505 2130 est;
1529 2088 1625 2135 cujus

225 2150 327 2185 etiam
345 2149 412 2183 filia
432 2148 632 2183 Hamiltono
653 2148 853 2183 Innerwikio
872 2147 994 2195 nupfit,
1013 2147 1119 2183 nobili
1136 2148 1171 2183 in
1188 2147 1361 2183 Lothiana
1374 2148 1454 2190 viro,
1475 2147 1566 2182 unde
1584 2159 1626 2181 ea

225 2220 302 2255 quae
320 2219 410 2241 nunc
428 2206 495 2241 illic
514 2206 606 2253 viget
623 2207 764 2247 familia,
783 2212 818 2242 et
838 2206 1035 2242 Alexander
1053 2207 1126 2253 ejus
1148 2206 1248 2241 filius.
1303 2206 1459 2253 Suscepit
1476 2212 1510 2240 et
1528 2205 1624 2244 filias,

226 2278 341 2308 unam,
361 2277 438 2312 quae
463 2264 612 2299 Johanni
635 2264 803 2299 Suintono
830 2264 951 2312 nupsit,
970 2270 1014 2308 et,
1035 2277 1077 2299 eo
1105 2265 1282 2305 defuncto,
1311 2264 1486 2299 Gulielmo
1514 2263 1626 2298 Cock-

226 2324 357 2366 burnio,
384 2323 525 2358 alteram
550 2334 628 2369 quae
647 2321 755 2358 Turio
782 2323 1001 2358 Innerlethio.
1053 2322 1150 2358 Vixit
1175 2323 1246 2370 ipsa
1270 2323 1304 2358 in
1332 2335 1459 2358 annum
1487 2333 1624 2364 MDXLV,
