1922 2767
274 277 319 307 40
719 273 787 309 DE
817 273 1037 310 FAMILIA
1065 273 1240 310 HUMIA

277 377 367 423 giem
388 376 519 411 concha
538 376 701 411 inclusam
720 376 899 425 reperiss'e3
919 377 985 412 hoc
1003 377 1034 412 ei
1049 377 1249 412 nunciatum
1264 377 1433 425 displicuit
1448 377 1545 420 adeo,
1568 384 1603 413 ut
1626 390 1690 414 nec

278 447 476 482 quenquam
495 435 568 482 ejus
588 435 714 470 ordinis
733 435 766 470 in
785 436 1008 483 conspeetum
1027 435 1150 471 exinde
1170 436 1352 477 admiserit,
1370 442 1404 471 et
1422 437 1634 484 religionem,
1655 443 1690 471 ut

277 493 464 528 mendaciis
482 494 608 534 nixam,
627 494 819 541 suspectam
844 494 1013 529 habuerit.
1068 494 1289 542 Quapropter
1307 496 1466 536 moriens,
1485 508 1564 531 cum
1582 496 1689 530 cruci-

276 552 333 586 fixi
352 552 468 599 imago
488 553 517 587 ei
538 552 768 588 deosculanda
788 552 831 588 ab
850 553 1006 588 adstante
1030 552 1280 595 admoveretur,
1302 554 1453 589 aversata
1472 553 1532 594 est,
1558 567 1691 602 negans

278 611 371 645 suam
390 611 483 658 spem
501 611 693 658 hujusmodi
711 611 812 659 nugis
839 611 949 652 inniti,
977 611 1010 646 in
1036 624 1104 646 uno
1125 611 1272 652 Christo,
1299 617 1393 647 certo
1419 613 1478 648 suo
1501 613 1691 653 Salvatore‚

279 681 354 704 eam
374 669 556 717 repositam
570 669 698 705 habere
713 684 722 713 ;
742 670 785 705 de
800 683 869 718 qua
888 670 970 705 illud
987 683 995 704 :

544 786 589 821 Et
607 799 735 834 genere
753 792 787 822 et
804 787 925 828 forma,
946 793 980 821 et
999 787 1081 821 nulli
1100 787 1229 834 pietate
1248 787 1421 830 secunda3

594 846 656 881 Vis
675 845 797 880 virtute
815 845 919 880 etiam
938 846 1077 880 noscere
1096 851 1225 893 quanta
1243 846 1320 881 fui?

544 905 633 946 Quae
653 904 774 939 fratres
793 903 886 938 dedit
905 903 1018 945 exilio,
1039 904 1251 952 flammisque
1270 905 1417 940 sororem

592 963 704 1010 Regia
722 962 882 997 virtutem
901 962 949 996 est
967 962 1016 996 vis
1035 968 1199 997 venerata
1216 975 1342 998 meam.

546 1021 720 1068 Quodque
739 1020 843 1055 etiam
862 1026 981 1055 natum
1001 1020 1140 1055 custode
1159 1021 1192 1055 in
1212 1033 1348 1057 carcere
1367 1021 1518 1057 clausum

593 1079 754 1120 Excusat,
775 1091 857 1113 num
876 1078 920 1114 fic
939 1079 972 1114 se.
986 1079 1069 1114 facit
1087 1079 1157 1126 ipse
1175 1081 1298 1115 reum?

546 1138 751 1174 Concedent
770 1137 844 1172 aliis
862 1138 1002 1185 quaevis,
1022 1138 1103 1173 mihi
1123 1137 1254 1173 cesserit
1272 1139 1320 1173 ira
1337 1152 1346 1181 3

595 1198 682 1232 Sunt
700 1209 803 1245 mage
821 1197 953 1232 virtutis
971 1196 1064 1231 clara
1081 1197 1236 1244 trophaea
1253 1209 1353 1232 meae.

753 1385 798 1408 VI.
821 1385 1004 1409 GEORGIUS
1022 1386 1214 1409 SECUNDUS.

283 1477 450 1512 SECUTUS
472 1476 520 1511 est
538 1476 632 1511 illum
650 1475 824 1523 Georgius
842 1475 929 1510 filius
948 1482 1030 1510 natu
1045 1476 1225 1517 maximus,
1241 1488 1408 1512 annorum
1423 1477 1555 1512 circiter
1570 1489 1692 1512 novem

280 1547 385 1577 nuer3
407 1535 479 1581 ejus
499 1535 642 1569 tutelam
661 1535 805 1581 suscepit
825 1534 1025 1569 Alexander
1045 1535 1319 1577 Manderstonus,
1340 1535 1449 1570 functi
1467 1535 1611 1571 Davidis
1626 1536 1693 1570 fra-

280 1603 328 1628 ter
347 1594 530 1640 proximus,
552 1605 655 1640 quem
678 1599 711 1628 et
736 1593 850 1628 caeteri
877 1594 998 1628 fratres
1027 1593 1119 1628 omni
1146 1606 1212 1641 ope
1235 1594 1408 1640 juverunt.
1462 1594 1584 1642 Itaque
1615 1607 1693 1629 cum

282 1653 456 1699 Georgius
475 1653 587 1699 gentis
605 1652 763 1699 princeps
784 1652 893 1687 Kellae
921 1652 1063 1687 decimis
1090 1652 1294 1692 immineret,
1315 1652 1512 1687 Alexandro
1531 1653 1692 1688 denunci-

281 1712 358 1753 avit,
380 1718 416 1746 ut
439 1711 482 1745 ab
508 1711 546 1745 iis
573 1711 768 1746 abstineret.
822 1710 897 1745 Has
912 1711 1073 1753 decimas,
1095 1724 1115 1746 a
1136 1711 1412 1758 Coldinghamiae
1430 1711 1692 1752 coenobiarchis,

280 1782 425 1817 quorum
444 1771 476 1804 in
501 1770 577 1816 jure
597 1776 704 1811 erant,
724 1769 867 1809 locatas,
897 1769 1011 1804 David
1030 1776 1063 1804 et
1082 1769 1182 1816 ipsius
1210 1771 1357 1818 majores
1381 1769 1455 1816 jam
1481 1782 1541 1817 per
1562 1770 1693 1817 aliquot

281 1841 387 1863 annos
406 1828 632 1875 pofi'edemnt,
652 1834 685 1863 et
705 1828 786 1875 quid
805 1828 896 1862 hunc
915 1828 958 1863 ad
978 1840 1036 1863 eas
1054 1828 1275 1863 vindicandas
1288 1828 1470 1875 impulerit,
1484 1828 1577 1863 haud
1591 1829 1693 1864 facile

281 1888 329 1923 est
348 1887 529 1934 conjicere.
584 1887 639 1921 An
659 1887 779 1933 suopte
798 1887 936 1934 ingenio
957 1892 990 1922 et
1009 1887 1128 1934 sponte
1154 1886 1219 1921 hoc
1237 1887 1367 1928 fecerit,
1396 1899 1438 1922 eo
1457 1887 1550 1934 quod
1568 1887 1694 1922 fundus

281 1945 382 1993 ipfius
401 1945 493 1986 estet,
514 1946 559 1980 ita
579 1952 612 1980 et
631 1945 782 1980 decimas
801 1945 845 1980 ad
864 1946 897 1980 se
916 1945 1086 1992 pertinere
1112 1945 1237 1980 debere
1260 1945 1434 1992 judicarit,
1453 1957 1497 1981 an
1516 1946 1629 1981 aliena
1646 1947 1694 1982 in-

282 2005 477 2052 stigatione,
497 2003 683 2038 dubitatur.
737 2002 872 2038 Tamen
890 2004 956 2039 hoc
975 2003 1117 2044 constat,
1132 2003 1224 2038 haud
1239 2003 1317 2038 satis
1336 2004 1447 2038 amico
1466 2004 1593 2045 animo,
1607 2017 1694 2040 mor·

283 2071 351 2099 tem
370 2069 440 2097 tam
456 2062 556 2097 amici
575 2062 634 2096 viri
653 2061 832 2109 accepisse.
885 2062 1043 2110 Accepto
1061 2062 1104 2097 de
1123 2074 1165 2097 ea
1182 2062 1321 2102 nuncio,
1348 2062 1391 2097 ad
1409 2063 1596 2098 familiares
1614 2076 1694 2099 con-

282 2123 406 2163 versus,
429 2126 451 2142 “
468 2121 565 2156 Itane
584 2120 668 2161 est,’'
689 2121 809 2168 inquit,
832 2125 1018 2156 “mortuus
1042 2121 1090 2156 est
1117 2127 1287 2168 cognatus
1312 2123 1439 2157 meus?
1493 2121 1588 2169 Ergo
1607 2123 1693 2158 cedo

282 2181 363 2216 mihi
384 2179 589 2215 Merciam.'’
646 2179 712 2214 Cui
731 2192 872 2214 uxorem
892 2179 1186 2227 indignabundam
1202 2180 1364 2215 continuo
1379 2180 1554 2227 subjecisse
1569 2181 1693 2221 ferunt,

285 2245 307 2261 “
325 2239 422 2274 Cedo
441 2238 501 2273 tibi
522 2238 648 2273 malam
660 2250 730 2273 rem
748 2251 756 2280 3
776 2238 866 2273 hanc
884 2244 921 2273 tu
939 2238 984 2272 illi
1004 2238 1150 2286 gratiam
1169 2250 1229 2285 pro
1249 2245 1297 2273 tot
1317 2238 1491 2274 beneficiis
1505 2239 1621 2279 refers,
1636 2241 1694 2286 qui

284 2307 317 2334 te
337 2297 380 2333 ab
399 2297 489 2333 exilii
507 2297 647 2332 latebris
665 2297 885 2332 cunctantem
906 2309 946 2332 ac
964 2309 1052 2345 pene
1071 2297 1212 2332 invitum
1232 2297 1381 2338 retraxit,
1400 2304 1433 2333 et
1452 2298 1692 2345 patrimonium
