1922 2767
709 291 1220 329 WEDDERBURNENSI.
1625 299 1671 334 (33

259 406 341 429 nore
359 393 490 436 habuit,
512 406 575 429 nec
594 393 767 429 offendere
786 395 856 429 ullo
875 395 978 430 modo
1006 396 1170 436 sustinuit,
1190 398 1344 444 quamvis
1371 398 1440 445 ipsi,
1461 405 1495 433 et
1513 400 1672 435 fratribus

256 453 469 500 iniquiorem.
524 452 662 500 Quippe
697 453 867 488 novercali
903 454 1053 501 ingenio,
1087 455 1174 489 ultro
1206 455 1362 490 infestam
1398 457 1607 492 alienaverat
1638 468 1671 493 et

255 511 348 553 illud,
369 511 462 558 quod
480 511 548 546 filia
567 511 624 546 illa
641 511 834 558 Margarita
849 524 926 547 cum
943 512 1024 547 ess'et
1040 514 1113 559 jam
1129 514 1199 548 viro
1216 521 1360 556 matura,
1378 528 1481 562 quam
1497 516 1527 550 ei
1543 517 1671 552 nubere

253 569 444 617 satagebat,
475 570 625 606 fastidire
654 583 732 606 eum
763 583 822 606 eas
853 572 990 618 nuptias
1023 573 1213 607 resciverat.
1269 573 1391 620 Itaque
1422 587 1527 621 quam
1558 577 1668 622 potuit

254 630 370 664 omnia
403 629 590 677 parcissime
608 629 894 671 subministrabat,
923 630 989 665 five
1009 637 1043 665 ut
1071 631 1254 673 volentem,
1284 632 1479 668 necestitate
1507 634 1668 681 quadam,

252 688 421 728 redderet,
439 688 505 723 five
531 694 569 723 ut
595 688 638 723 de
664 689 802 724 nolente
833 689 996 724 ultionem
1025 690 1302 737 qualemcunque
1335 692 1491 726 sumeret.
1546 692 1668 740 Itaque

254 759 348 782 rarus
366 747 468 790 domi,
489 747 653 794 plurimus
671 747 703 782 in
724 748 803 782 aula
822 748 914 795 apud
943 761 1123 795 proregem
1143 756 1238 792 erat3
1268 749 1335 784 illic
1362 750 1444 785 nihil
1472 764 1532 798 per
1549 751 1668 786 ludum

252 812 286 840 et
304 806 499 848 lasciviam3
528 812 587 841 aut
606 819 786 853 proregem
815 807 1029 847 observabat,
1049 814 1108 842 aut
1128 807 1283 854 Angufio
1305 809 1434 851 aderat,
1452 817 1486 844 et
1511 810 1667 846 lectioni-

251 864 315 899 bus
333 870 392 899 aut
419 865 588 900 exercitiis
616 865 788 900 intererat.
842 865 1060 901 Latrunculis
1088 866 1258 902 interdum
1289 867 1441 909 ludebat,
1472 875 1543 903 tum
1574 870 1667 916 quod

252 922 357 958 habet
375 923 403 958 is
420 923 521 958 ludus
547 923 675 971 ingenii
695 923 780 971 plus,
801 936 905 971 quam
923 924 1081 965 fortunae,
1100 930 1172 959 tum
1192 931 1228 959 ut
1247 925 1358 961 aleam
1378 939 1418 961 ac
1437 927 1530 967 folia,
1550 928 1668 962 aulicis

250 981 442 1022 familiaria,
457 982 600 1022 vitaret3
628 982 802 1017 ferebatur
822 982 864 1017 ad
885 995 925 1017 ea
945 989 1067 1018 natura
1085 984 1164 1018 satis
1183 996 1321 1031 pronus,
1341 992 1375 1019 et
1395 985 1438 1020 ab
1458 985 1531 1020 aliis
1549 986 1668 1020 invita—

253 1040 363 1083 batur,
384 1053 501 1075 verum
520 1053 597 1075 cum
625 1041 781 1088 pecuniae
800 1041 916 1088 inopia
934 1041 1122 1089 majoribus
1139 1049 1173 1077 et
1192 1043 1383 1090 aequalibus
1402 1044 1574 1079 colludere
1601 1057 1667 1078 non

249 1100 368 1147 poss'et,
387 1100 574 1135 minoribus
599 1100 776 1140 fastidiret,
805 1101 939 1147 prorsus
966 1100 1151 1143 abstinuit3
1181 1101 1324 1137 honesta
1352 1103 1418 1137 hac
1449 1104 1668 1138 excusatione

249 1159 337 1199 usus,
358 1158 422 1193 hoc
442 1158 521 1193 boni
541 1171 581 1193 ex
601 1171 756 1193 novercae
772 1159 913 1194 avaritia
931 1160 1096 1206 provenit,
1114 1167 1150 1195 ut
1165 1166 1199 1195 et
1218 1160 1300 1195 iliud
1316 1161 1408 1208 quod
1423 1162 1663 1208 parsimoniam

252 1217 331 1252 inde
349 1223 383 1252 et
401 1217 635 1264 frugalitatem
657 1217 817 1252 hauserit.
871 1218 933 1253 Rei
953 1219 1129 1254 familiaris
1156 1219 1284 1267 absque
1311 1220 1464 1255 sordibus
1482 1233 1611 1261 curam,
1631 1228 1664 1255 et

249 1276 371 1311 eadem
398 1276 605 1317 necestitate,
627 1283 661 1311 et
680 1278 810 1323 sponte,
831 1284 864 1312 et
892 1278 1045 1325 proregis
1074 1278 1223 1325 (optimi,
1244 1291 1286 1313 ea
1305 1278 1336 1312 in
1356 1292 1391 1313 re
1418 1279 1588 1326 magistri)
1609 1293 1665 1314 ex-

248 1335 373 1382 emplo,
394 1335 523 1370 didicit.
578 1335 666 1369 Illud
685 1336 743 1370 seu
771 1337 1001 1376 continentiae,
1021 1337 1078 1371 seu
1105 1336 1352 1372 moderationis
1372 1337 1404 1372 in
1425 1338 1570 1373 affectus
1589 1339 1665 1373 suos

248 1394 446 1440 imperantis
465 1402 549 1434 erat,
568 1395 662 1441 quod
682 1407 762 1429 cum
781 1395 863 1430 efl'et
882 1396 915 1429 in
935 1395 1057 1430 eadem
1086 1395 1189 1430 domo
1210 1396 1353 1443 Angusii
1382 1397 1484 1437 soror,
1503 1403 1537 1431 et
1555 1398 1665 1432 forma

248 1453 401 1499 egregia,
422 1459 456 1487 et
475 1465 604 1500 genere
623 1453 725 1495 clara,
746 1460 781 1488 et
809 1454 960 1488 moribus
989 1454 1151 1501 placeret,
1173 1454 1260 1489 adeo
1289 1461 1325 1489 ut
1354 1461 1387 1489 et
1414 1455 1601 1498 deamaret,
1632 1464 1665 1491 et

248 1524 387 1546 uxorem
408 1512 568 1547 asciscere
587 1518 743 1559 optaret;
763 1513 918 1560 quamvis
937 1519 970 1548 et
989 1513 1059 1560 ipsa
1078 1525 1145 1547 non
1162 1513 1338 1556 abnueret,
1355 1526 1418 1548 nec
1438 1515 1584 1562 proregi,
1606 1522 1664 1549 aut

246 1571 353 1611 fratri,
371 1571 429 1618 qui
457 1571 650 1611 rescierant,
671 1571 874 1618 displiceret,
895 1578 1010 1606 tamen
1028 1572 1164 1613 veritus,
1193 1584 1236 1606 ne
1255 1571 1315 1606 sub
1342 1572 1477 1607 duriore
1504 1585 1662 1614 noverca,

246 1629 339 1664 haud
357 1630 436 1664 satis
455 1642 515 1676 pro
534 1629 611 1664 loco
630 1642 699 1677 quo
718 1636 799 1665 nata
818 1630 910 1672 esset,
927 1631 957 1665 ei
977 1644 997 1665 a
1015 1637 1122 1678 patre,
1140 1631 1231 1678 apud
1247 1643 1350 1678 quem
1378 1643 1462 1666 uxor
1481 1631 1663 1678 plurimum

245 1695 392 1736 poterat,
421 1688 648 1728 decideretur,
668 1702 688 1723 a
712 1689 863 1736 petendo
895 1689 1067 1724 abstinuit.
1120 1689 1245 1736 Nupsit
1272 1703 1324 1730 ea,
1354 1689 1435 1724 dum
1468 1691 1660 1732 cunctatur,

244 1747 448 1788 Maxuellio,
466 1747 559 1782 haud
578 1753 648 1781 tam
667 1748 785 1794 sponte
804 1749 873 1788 sua,
893 1761 997 1795 quam
1016 1749 1170 1796 proregis
1189 1748 1406 1788 aufflmritate,
1426 1749 1483 1796 qui
1503 1749 1656 1784 oblatam

244 1818 321 1841 eam
340 1805 553 1841 occasionem
572 1806 749 1854 negligere
764 1807 884 1842 noluit.
939 1807 1073 1842 Tamen
1093 1820 1172 1842 eum
1191 1807 1292 1854 hujus
1306 1807 1363 1842 seu
1379 1807 1580 1854 prudentiae,
1602 1809 1659 1842 seu

246 1877 328 1912 erga
346 1865 451 1912 ipsam
471 1865 605 1907 amoris,
628 1865 683 1913 (ut
702 1866 771 1913 ipse
791 1866 916 1908 aiebat,
936 1866 1018 1900 milii
1034 1867 1112 1901 sane
1127 1866 1212 1907 miri,
1230 1872 1264 1901 et
1279 1866 1470 1912 insolentis)
1492 1867 1549 1901 seu
1563 1867 1661 1901 lenti-

246 1923 372 1958 tudinis
390 1923 537 1966 fortasse,
566 1925 624 1959 seu
650 1937 859 1972 quocunque
890 1925 1026 1959 nomine
1058 1925 1232 1972 appellare
1260 1924 1378 1965 libeat,
1407 1925 1499 1959 haud
1527 1925 1575 1960 ita
1603 1925 1661 1960 diu

246 1982 421 2030 superstite
447 1989 554 2029 patre,
573 1983 673 2018 valde
691 1984 862 2030 poenituit.
916 1983 1051 2018 Eodem
1079 1991 1212 2018 mortuo
1231 1983 1310 2018 satis
1332 1996 1437 2031 opum
1455 1984 1580 2019 nactus
1598 1984 1657 2025 est,

247 2049 280 2076 et
299 2041 413 2088 puella
432 2041 464 2075 in
483 2041 655 2089 colloquio
675 2042 709 2077 id
727 2043 758 2077 ei
778 2043 874 2090 queri
893 2049 927 2077 et
946 2042 1136 2090 exprobare
1154 2055 1223 2077 non
1243 2041 1414 2077 abstinuit.

297 2100 398 2134 Pater
417 2106 453 2134 ut
471 2101 712 2147 patrimonium
732 2114 799 2136 non
830 2108 984 2142 auxerat,
1011 2102 1059 2136 ita
1078 2114 1142 2136 nec
1168 2101 1350 2143 minuerat,
1371 2108 1429 2136 aut
1458 2114 1524 2136 aere
1547 2102 1658 2137 alieno

246 2164 416 2206 gravarat.
470 2158 525 2200 Et,
546 2160 703 2202 moriens,
724 2161 903 2207 superioris
918 2161 997 2195 anni
1016 2161 1133 2207 fruges
1152 2160 1185 2194 in
1204 2160 1332 2195 horreis
1347 2166 1380 2195 et
1400 2160 1566 2207 granariis
1586 2161 1659 2206 plu-

244 2218 346 2252 rimas
359 2217 505 2264 reliquit,
520 2224 554 2252 et
569 2217 656 2253 illius
669 2219 748 2253 anni
761 2219 894 2267 segetes
909 2219 1054 2261 adultas,
1072 2225 1259 2266 appetente
1275 2224 1440 2253 autumno
1457 2232 1465 2260 ;
1487 2218 1657 2265 pecudum

246 2289 384 2324 quoque
404 2283 435 2311 et
456 2283 685 2312 armentorum
712 2290 836 2325 greges
863 2290 964 2313 omne
993 2290 1114 2325 genus.
1167 2277 1246 2312 Nec
1271 2277 1392 2311 horum
1420 2277 1604 2324 quicquam
1624 2278 1656 2311 in

246 2343 388 2372 caeteros
406 2335 531 2371 liberos
558 2335 787 2372 decidendum
806 2344 899 2380 erat3
930 2338 1020 2372 soror
1047 2337 1149 2376 enim,
1172 2343 1256 2371 natu
1282 2336 1442 2377 maxima,
1464 2335 1656 2382 pecuniam,
