1922 2767
722 279 1236 316 WEDDERBURNENSI.
1643 286 1688 321 37

263 385 357 432 jecit,
379 397 430 427 ac,
450 385 520 421 late
538 385 666 420 damno
684 385 773 432 saepe
800 383 954 419 hostibus
982 384 1074 426 dato,
1097 383 1211 418 aditus
1242 384 1275 418 in
1304 395 1417 419 arcem
1446 384 1588 419 obsedit.
1643 384 1688 418 Et

267 443 418 491 quodam
436 443 502 486 die,
522 444 556 479 in
585 443 690 479 totius
716 443 888 478 exercitus
918 443 1118 490 conspectu,
1143 442 1209 477 levi
1241 443 1429 477 certamine
1450 443 1483 477 in
1503 443 1591 477 valle
1620 444 1687 476 arci

265 502 430 550 subjecta,
451 503 498 538 ita
517 515 595 538 cum
613 502 709 537 hoste
728 502 889 544 conflixit,
912 507 948 537 ut
961 502 1127 536 summam
1143 501 1187 536 ab
1202 501 1362 535 omnibus
1381 501 1521 535 laudem
1539 508 1689 548 reporta-

266 562 318 596 rit.
372 561 418 596 Et
436 561 502 597 hoc
521 562 601 597 sane
620 561 651 596 ei
670 560 854 608 peculiare,
875 565 909 596 et
928 573 947 595 a
966 560 1154 607 majoribus
1172 559 1331 594 haustum
1350 566 1434 601 erat,
1456 566 1494 594 nt
1513 565 1546 593 et
1571 560 1689 606 patriae

267 632 383 656 amore
402 627 436 656 et
453 620 600 655 hostium
619 620 693 668 ejus
711 619 792 654 odio
811 618 1065 667 flagrantissime
1093 618 1240 661 arderet,
1261 618 1350 653 adeo
1370 624 1406 653 ut
1434 630 1549 665 neque
1575 618 1689 656 exilio,

266 691 306 714 ac
320 679 576 727 proscriptione,
592 691 706 726 neque
720 678 797 713 ullis
811 677 1075 719 calamitatibus,
1092 689 1206 724 neque
1222 677 1290 712 ullo
1305 677 1364 711 suo
1382 683 1486 719 metu,
1509 682 1567 711 aut
1582 676 1689 711 inimi—

267 750 385 773 corum
403 738 526 786 injuria
545 738 639 785 adigi
654 737 815 785 potuerit,
837 742 897 772 aut
916 736 969 771 vel
995 736 1029 771 in
1051 736 1247 783 Anglorum
1274 735 1376 770 fidem
1404 736 1437 771 se
1465 735 1615 777 dederet,
1638 736 1688 769 vel

266 809 385 831 eorum
404 809 506 844 opem
534 796 743 844 imploraret,
771 796 825 831 vel
853 795 896 831 ad
923 808 982 830 eos
1011 795 1188 830 exulatum
1215 795 1441 842 confugeret:
1469 795 1586 842 itaque
1616 801 1687 829 toto

267 856 520 903 proscriptionis
550 862 717 903 tempore,
748 867 926 902 nunquam
957 855 991 889 in
1025 854 1190 901 Angliam
1219 855 1253 889 se
1285 854 1441 895 contulit,
1471 861 1528 888 aut
1562 854 1687 888 auxilio

265 926 384 950 eorum
403 915 481 949 usus
500 914 559 957 est,
580 913 640 949 nifi
659 927 737 956 uno,
759 926 909 962 quocum
936 913 1069 961 privata
1087 919 1162 948 erat
1189 913 1351 955 amicitia,
1378 913 1511 952 Selbio,
1528 925 1591 948 nec
1619 913 1687 951 illo,

266 973 326 1008 nifi
345 973 378 1008 in
396 974 538 1008 fortuito
564 973 634 1014 illo,
653 973 793 1021 quicum
814 972 1021 1008 Blacadario
1048 978 1131 1014 erat,
1161 972 1350 1019 congressu,
1374 972 1432 1019 qui
1463 984 1541 1007 cum
1564 972 1596 1006 in
1617 972 1690 1018 ejus

266 1032 433 1068 comitatu
452 1032 545 1073 esset,
564 1044 764 1080 quanquam
784 1032 938 1066 deserere
958 1043 1038 1066 eum
1063 1031 1184 1066 noluit.
1238 1031 1285 1066 Et
1308 1031 1425 1066 Surrio
1448 1032 1636 1066 exercitum
1656 1033 1688 1065 in

268 1090 424 1126 Scotiam
454 1091 613 1133 ducente,
651 1103 729 1126 cum
761 1090 816 1125 alii
852 1090 1018 1137 plerique,
1051 1096 1088 1124 ut
1121 1089 1343 1131 Cbirnifidus,
1380 1089 1609 1137 Langtonius,
1646 1091 1687 1124 ad

269 1150 403 1196 Anglos
422 1150 621 1190 transissent,
641 1162 682 1185 ac
700 1150 733 1184 in
753 1162 871 1184 eorum
892 1149 993 1195 fidem
1008 1148 1184 1196 jurassent,
1206 1149 1394 1196 domosque
1411 1150 1486 1183 suas
1505 1149 1570 1184 hoc
1585 1149 1688 1196 pacto

268 1208 311 1243 ab
332 1208 490 1243 inccndio
509 1214 543 1243 et
561 1208 658 1243 ruina
689 1207 907 1250 redimissent,
928 1207 984 1242 ille
1004 1214 1040 1242 ut
1059 1208 1149 1242 idem
1179 1208 1321 1249 faceret,
1350 1208 1444 1242 nullo
1473 1214 1566 1242 metu
1597 1208 1689 1255 adigi

268 1267 402 1315 potuit3
423 1267 540 1314 itaque
565 1266 608 1302 ad
628 1279 741 1302 arcem
770 1267 844 1314 ejus
873 1266 1075 1302 diruendam
1106 1266 1265 1301 admotus
1293 1267 1463 1301 exercitus
1492 1267 1551 1301 est.
1606 1266 1690 1301 Erat.

269 1332 384 1361 autem
403 1326 436 1360 in
456 1326 559 1373 plano
579 1325 718 1373 quidem
737 1325 809 1367 fita,
829 1337 893 1360 nec
919 1331 990 1360 tam
1017 1332 1140 1360 natura
1167 1338 1272 1373 quam
1293 1332 1365 1360 arte
1394 1326 1537 1365 munita,
1567 1325 1688 1372 stagno

268 1385 498 1432 quadraginta
517 1384 622 1432 pedes
640 1384 722 1424 lato,
741 1396 865 1419 novem
884 1384 1067 1431 profundo,
1082 1396 1179 1418 muro
1195 1396 1262 1418 non
1279 1384 1366 1419 adeo
1385 1384 1491 1419 crasso
1506 1385 1688 1431 septangu-

268 1444 329 1479 lari
347 1444 469 1485 forma,
489 1443 629 1490 singulis
647 1443 795 1478 turribus
814 1442 857 1477 ad
876 1442 1026 1490 singulos
1045 1443 1191 1490 angulos
1211 1443 1358 1485 erectis3
1384 1455 1503 1478 omnes
1522 1450 1619 1477 erant
1639 1455 1687 1477 ai·-

268 1509 382 1542 matae,
401 1501 461 1537 nifi
480 1502 573 1550 quod
592 1515 670 1550 quae
693 1502 810 1549 januae
829 1501 985 1549 imposita
1003 1509 1076 1537 erat
1103 1501 1403 1549 quandragularis,
1424 1509 1457 1536 et
1476 1515 1516 1537 ex
1537 1502 1623 1536 caeso
1642 1503 1688 1536 la-

269 1562 360 1609 pide,
375 1568 509 1596 caeterae
523 1561 679 1596 rotundae
695 1575 704 1603 3
725 1561 757 1595 in
773 1561 824 1596 his
839 1560 977 1608 singulis
992 1560 1062 1595 bini
1078 1561 1212 1608 equites
1227 1561 1485 1596 diversabantur
1500 1575 1508 1601 ;
1528 1562 1560 1595 in
1576 1561 1689 1595 media

269 1633 349 1656 area
367 1621 490 1667 ingens
508 1620 619 1660 turris,
639 1626 671 1654 et
691 1620 762 1667 ipsa
781 1619 950 1667 quadrato
969 1632 1011 1654 ex
1030 1619 1143 1667 lapide
1163 1619 1333 1654 sexdecim
1353 1620 1458 1667 pedes
1478 1619 1582 1654 crafl'o
1602 1621 1689 1666 pari-

269 1686 335 1721 ete,
350 1686 383 1714 et
399 1680 528 1727 septem
541 1679 728 1714 fornicibus
744 1691 784 1714 ac
800 1678 1118 1726 contignationibus
1131 1678 1222 1718 alta;
1241 1691 1327 1725 pons
1342 1679 1502 1713 sublicius
1517 1686 1597 1713 ante
1612 1691 1687 1725 por-

269 1745 350 1780 tam,
371 1751 440 1786 quo
458 1738 528 1773 solo
546 1738 580 1772 in
599 1750 713 1772 arcem
732 1737 867 1779 ibatur3
894 1743 1040 1784 utraque
1059 1737 1157 1772 turris
1176 1738 1316 1784 gemina
1334 1744 1432 1784 porta
1451 1737 1686 1778 claudebatur,

271 1809 415 1844 quarum
434 1809 503 1832 una
522 1809 563 1832 ex
582 1797 704 1831 robore
716 1796 909 1838 firmissimo,
930 1796 1038 1831 altera
1055 1797 1177 1835 ferrea,
1198 1796 1280 1831 fune
1303 1796 1471 1843 suspensa,
1493 1796 1688 1831 attraheba-

270 1862 323 1890 tur
342 1856 468 1891 sursum
487 1862 546 1891 aut
565 1855 810 1891 demittebatur
829 1868 889 1902 pro
909 1854 1059 1890 arbitrio.
1113 1854 1177 1890 His
1192 1855 1413 1890 munimentis
1428 1862 1547 1890 contra
1562 1855 1689 1890 subitas

272 1913 477 1950 incursiones
491 1914 570 1950 satis
589 1921 663 1949 tuta
681 1914 870 1955 videbatur,
888 1913 1035 1948 admotis
1053 1913 1241 1961 majoribus
1256 1914 1444 1956 tormentis,
1462 1921 1495 1949 et
1510 1915 1687 1961 paululum

273 1973 460 2015 verberata,
482 1973 593 2008 statim
613 1973 730 2008 dedita
749 1972 808 2008 est.
863 1972 951 2013 Quae
966 1972 999 2007 in
1014 1972 1128 2007 medio
1144 1972 1255 2007 stabat
1269 1973 1380 2013 turris,
1400 1973 1538 2020 pulvere
1554 1973 1688 2020 sulphu-

273 2045 330 2067 reo
358 2031 592 2067 fundamentis
619 2031 801 2080 supposito,
830 2031 981 2067 lacerata
1016 2044 1057 2066 ac
1088 2031 1211 2073 diruta,
1245 2031 1355 2066 stante
1385 2032 1626 2066 tantummodo
1656 2033 1688 2066 in

274 2091 420 2125 nostram
440 2097 575 2125 aetatem
595 2091 800 2138 fragmento,
822 2103 891 2138 quo
911 2090 1023 2138 operis
1050 2090 1253 2138 magnitudo
1278 2090 1431 2138 dignosci
1451 2091 1568 2138 poss'et.
1623 2090 1690 2125 Ex-

274 2150 385 2191 terior‚
406 2148 592 2183 fornicibus
618 2149 748 2196 pulveri
774 2149 990 2190 cedentibus,
1018 2156 1050 2185 et
1074 2149 1229 2197 quassato
1255 2150 1433 2196 paululum
1460 2162 1556 2184 muro
1575 2162 1614 2184 ac
1642 2150 1690 2183 hi-

275 2214 364 2249 ante,
394 2214 519 2242 caetera
546 2207 679 2254 integra
700 2207 801 2250 stetit,
822 2208 909 2243 adeo
929 2215 966 2242 ut
984 2208 1088 2248 rimae,
1111 2207 1315 2248 subsidente,
1334 2214 1428 2256 puto,
1449 2208 1686 2248 fundamento,

277 2273 335 2303 aut
354 2265 596 2301 inclinantibus
615 2266 658 2300 ad
678 2266 710 2300 se
728 2272 848 2300 mutuo
869 2267 983 2308 muris,
1004 2267 1078 2314 post
1097 2267 1228 2314 aliquot
1247 2279 1355 2302 annos
1373 2280 1462 2314 pene
1477 2267 1628 2307 coierint,
1650 2278 1690 2300 ac

276 2325 427 2365 domino,
446 2323 687 2360 recedentibus
705 2324 837 2372 Anglis‚
859 2325 1101 2372 qualecunque
1121 2325 1341 2368 domicilium,
1363 2325 1478 2372 quoad
1499 2326 1588 2364 vixit,
1617 2337 1690 2372 per-
