1922 2767
282 293 327 324 58
711 321 713 323 ,
729 287 797 324 DE
827 287 1046 324 FAMILIA
1076 287 1250 323 HUMIA

281 392 430 427 Johanni
451 391 614 427 Haldano
635 391 846 439 Gleneglifio
866 391 950 439 (five
969 391 1180 438 Vallaguilio
1208 392 1486 439 interpretemur)
1515 393 1547 426 in
1575 391 1692 426 Jernia

277 451 461 498 provincia,
478 450 539 485 ista
560 450 735 485 Gulielmo
757 450 966 485 Coekburno
984 449 1181 497 Langtonio
1200 450 1234 485 in
1254 450 1387 485 Mercia
1406 450 1527 497 nupfit,
1543 457 1687 497 utraque

279 510 390 545 forma
415 509 570 557 insignes,
599 509 750 544 moribus
776 509 944 551 meliores,
973 509 1124 556 aequales
1150 515 1266 544 tamen
1290 509 1400 554 magis
1428 522 1531 556 quam
1556 509 1688 544 ssmiles.

283 569 345 603 Illa
372 569 498 603 statura
523 581 675 616 procera,
703 568 799 602 vultu
825 568 950 610 severa,
970 567 1120 602 moribus
1139 568 1262 615 gravis,
1283 567 1496 615 majestatem
1517 568 1691 615 quandam

281 640 350 674 prae
368 628 402 662 se
420 627 562 668 ferebat,
579 639 683 674 quam
701 625 952 668 reverebantur,
974 626 1031 673 qui
1050 626 1274 673 spe&abant;
1295 626 1356 661 ista
1371 626 1488 665 comis,
1503 627 1692 665 mansueta,

281 687 382 726 mitis,
402 685 535 721 aecefi'u
552 685 672 727 facilis,
693 698 733 720 ac
746 685 913 732 jucunda,
933 684 976 719 ad
1002 684 1209 719 hilaritatem
1237 698 1256 720 a
1283 691 1404 719 natura
1432 685 1628 732 composita,
1657 691 1690 718 ut

282 757 411 787 amans,
431 745 479 779 ita
497 744 653 779 amabilis
671 749 765 787 erat3
795 750 939 791 utraque
958 743 1121 784 modesta,
1142 744 1209 790 pia,
1226 743 1344 790 proba,
1360 743 1519 790 prudens,
1535 743 1692 777 omnibus

281 810 352 838 tum
370 803 567 838 maritorum
585 803 714 842 amicis,
732 808 805 837 tum
823 802 888 837 suis
915 802 1003 836 ultra
1021 802 1160 836 modum
1182 809 1292 849 grata,
1323 808 1356 837 et
1384 802 1486 849 vulgo
1513 802 1688 836 hominum

285 862 523 909 acceptiffima.
576 861 653 896 Nec
668 861 730 896 abs
744 873 779 896 re
794 861 856 895 erit
871 861 1038 896 ascribere
1053 861 1144 908 quod
1160 861 1202 896 de
1217 861 1257 896 iis
1273 861 1300 908 (j
1308 873 1360 896 ani
1377 873 1453 896 cum
1469 861 1597 895 funfftae
1614 860 1692 905 fini)

283 920 480 956 lucubratus
499 921 581 960 sum,
600 932 669 967 prae
687 920 833 967 ipsarum
851 920 1026 954 memoria.

887 1047 1077 1070 ISABELLA.

456 1153 502 1188 Ni
521 1153 614 1200 quod
632 1152 773 1187 foemina
791 1158 874 1186 nata
891 1152 953 1192 fui,
972 1151 1163 1198 digniffima
1181 1152 1271 1186 nasci

501 1212 561 1247 Vir
579 1212 735 1253 fueram3
763 1211 836 1245 liaec
854 1211 956 1258 genio
975 1211 1043 1245 sors
1062 1217 1134 1245 erat
1153 1217 1233 1258 apta
1252 1223 1341 1245 ineo.

454 1270 574 1317 Digna
593 1270 696 1304 etiam
715 1270 807 1304 nasci
826 1269 995 1316 princeps,
1015 1269 1059 1304 fic
1078 1269 1168 1303 utilis
1186 1269 1270 1309 orbi,

505 1329 625 1364 Gloria
642 1327 687 1363 fic
705 1329 800 1375 genti
818 1340 947 1375 magna
964 1328 1079 1362 futura
1097 1340 1204 1368 meae3

457 1388 578 1423 Invidit
598 1388 758 1429 fortuna3
786 1386 842 1421 sed
861 1386 954 1421 haud
969 1386 1099 1426 invidit,
1119 1392 1152 1421 et
1171 1386 1236 1421 effe

504 1446 710 1493 Principem,
729 1452 763 1480 et
781 1445 814 1480 in
833 1446 914 1480 sexu
933 1445 1110 1485 debiliore,
1129 1445 1236 1480 virum

458 1506 528 1540 Aut
547 1504 652 1544 dedit,
672 1510 731 1538 aut
749 1509 879 1539 certare
898 1504 974 1539 viris
989 1503 1180 1551 prudentia,
1200 1510 1234 1538 et
1252 1504 1318 1538 oris

506 1563 701 1611 Majestate,
721 1575 820 1610 aequo
839 1562 1115 1610 principibusque
1134 1563 1259 1597 animo.

459 1623 504 1657 At
524 1621 643 1669 pudor,
664 1627 698 1656 et
716 1621 878 1668 probitas,
898 1621 1052 1668 roseique
1070 1621 1236 1656 modestia
1255 1621 1366 1656 vultus

507 1680 675 1715 Indicium
694 1680 791 1714 sexus
809 1679 982 1714 debilioris
1000 1685 1118 1723 erant3

459 1739 539 1773 Plus
557 1739 623 1773 hoc
641 1749 745 1785 quam
764 1738 931 1784 princeps,
953 1750 1056 1785 quam
1074 1738 1097 1772 fi
1115 1738 1163 1773 vir
1184 1737 1292 1786 [vere]
1314 1739 1456 1778 fuissem,

507 1797 664 1832 Foemina
682 1796 890 1843 principibus
909 1797 1153 1844 aequiparanda
1171 1797 1258 1832 viris.

898 1925 1079 1948 JOHANNA.

457 2029 503 2066 Et
521 2030 624 2076 genii,
645 2035 679 2064 et
698 2029 820 2071 vultus,
840 2035 1072 2076 maternaeque
1091 2029 1214 2064 aemula
1232 2030 1352 2070 laudis,

508 2088 559 2123 Sit
577 2087 668 2129 inihi,
689 2087 727 2122 fit
744 2087 854 2122 laudis
872 2088 1012 2129 summa,
1033 2087 1202 2129 Johanna,
1223 2095 1282 2122 tua

459 2148 546 2187 Quae
565 2146 625 2181 tibi
644 2146 814 2193 proponis,
835 2146 959 2193 premis
978 2152 1011 2180 et
1029 2146 1181 2193 vestigia,
1201 2147 1281 2182 felix

507 2205 692 2252 Exprimis,
714 2204 746 2239 O
765 2205 877 2251 plures
895 2205 1007 2239 vivere
1025 2204 1131 2251 digna
1149 2205 1244 2248 dies3

458 2264 606 2299 Difficile
626 2263 674 2298 est
692 2263 872 2310 superare3
891 2263 984 2310 quod
1003 2263 1051 2298 est
1069 2264 1132 2303 fas,
1152 2264 1313 2310 praedicat
1333 2278 1466 2312 aequam

507 2322 560 2358 Te
579 2323 684 2365 fama,
706 2327 739 2357 et
757 2322 899 2357 memori
917 2321 1096 2369 posthuma
1114 2329 1228 2358 mente
1248 2323 1338 2358 colit.
