1922 2767
251 289 296 320 34
700 286 767 321 DE
798 285 1018 321 FAMILIA
1047 285 1220 321 HUMIA

254 403 321 438 que
340 391 373 425 in
392 391 543 426 omnium
563 391 852 426 indiscriminatim
872 391 1102 438 poffeflionem
1124 391 1315 439 Georgium
1343 392 1455 434 mittit,
1479 392 1664 439 puellulam

255 449 347 496 quasi
367 463 408 485 ex
427 450 546 485 morbo
565 450 842 490 decumbentem,
862 462 940 484 mox
959 456 1127 485 mortuam
1146 450 1289 491 fimulat,
1309 463 1350 486 ac
1368 450 1558 498 impositam
1580 452 1665 486 fere-

253 515 304 542 tro
323 509 476 543 cistulam
495 521 597 543 arena
617 521 769 556 gravem,
789 520 917 555 magna
935 521 1012 543 cum
1032 521 1170 556 pompa,
1189 514 1286 544 terrae
1304 509 1468 552 mandat3
1497 509 1602 556 ipsam
1621 510 1666 544 ad

253 567 401 602 eundem
422 567 586 602 Dacrium
614 567 647 601 in
669 567 833 614 Angliam
860 567 1074 603 educandam
1102 567 1216 602 mittit.
1270 567 1409 602 Adultae
1430 568 1610 615 persuadet
1631 576 1666 603 ut

253 631 370 667 terras,
391 638 468 673 quae
492 626 608 673 priscae
632 625 754 660 domus
780 625 919 660 Humiae
947 632 1053 668 erant,
1084 625 1256 660 avunculo
1283 626 1430 668 cederet,
1451 627 1522 673 ipsa
1544 627 1666 662 Samil-

252 684 350 718 stonii
370 697 453 732 agro
472 690 635 719 contenta
653 684 745 726 esset,
765 684 823 731 qui
843 684 927 719 aviae
945 684 1044 720 Carae
1060 691 1139 719 ante
1153 685 1275 720 fuerat.
1323 684 1392 720 Sed
1409 685 1473 720 hoc
1488 685 1665 732 aliquanto

252 743 326 789 post
344 743 489 778 factum.
543 743 697 791 Georgio
724 750 851 783 autern,
871 743 918 777 ita
946 743 1102 785 reducto,
1123 743 1242 778 suadet
1268 750 1304 778 ut
1325 743 1602 786 Haliburtonam,
1623 757 1664 779 ex

253 801 426 836 Dirlitonii
446 802 637 837 haeredibus
657 814 770 844 unam,
793 814 932 836 uxorem
948 802 1100 842 duceret,
1116 814 1261 849 quarum
1276 802 1541 837 colocandarum
1560 803 1667 838 frater

252 859 450 895 Alexander
471 861 528 907 jus
547 860 754 901 obtinuerat,
781 867 815 895 et
840 860 1014 895 Gulielmo
1044 873 1147 895 unam
1175 867 1318 908 nuptam
1350 861 1504 902 dederat,
1523 861 1664 896 alteram

253 919 403 954 Andreae
424 919 516 954 Caro
535 920 635 955 certis
654 919 907 954 conditionibus
926 920 1049 966 pactus
1068 920 1192 954 fuerat.
1247 921 1363 967 Atque
1379 920 1421 955 fic
1441 921 1556 968 aliqua
1575 921 1666 955 resti-

252 984 336 1020 tuta,
357 978 437 1013 licet
455 990 522 1012 non
542 978 574 1012 in
594 979 761 1012 summum
780 978 863 1012 illud
882 978 1130 1025 magnitudinis
1149 979 1295 1020 culmen,
1316 985 1431 1014 tamen
1451 980 1547 1013 suum
1566 980 1598 1014 in
1618 980 1666 1014 lo-

252 1047 329 1070 cum
348 1042 382 1070 et
401 1036 568 1083 privatum
587 1036 703 1078 decus,
726 1036 870 1070 Davidis
889 1048 1016 1083 magna
1035 1049 1116 1071 cura
1134 1043 1168 1071 et
1187 1049 1301 1084 opera,
1323 1037 1444 1072 domus
1463 1038 1663 1085 apparebat.

253 1093 340 1130 Haec
358 1094 533 1136 nostrates,
554 1100 587 1129 et
606 1095 665 1129 sub
683 1094 757 1129 haec
776 1100 944 1141 tempora,
963 1095 1049 1129 caeso
1070 1095 1207 1137 Bautio‚
1227 1095 1323 1130 facta
1342 1096 1501 1130 tradunt:
1521 1109 1587 1143 ego
1606 1109 1663 1144 po-

251 1153 317 1187 tius
336 1154 368 1187 in
384 1153 466 1188 illud
485 1161 619 1200 tempus
639 1153 852 1193 contulerim,
875 1167 955 1201 quo,
976 1154 1062 1188 caeso
1079 1153 1272 1188 Blacadaro
1291 1154 1543 1197 coenobiarcha,
1561 1155 1667 1190 wed-

251 1211 469 1246 derburniam
489 1224 602 1247 arcem
630 1224 697 1246 una
725 1224 802 1246 cum
832 1212 962 1247 Humia
992 1213 1216 1259 recuperavit,
1249 1212 1314 1247 hac
1344 1214 1492 1248 maxime
1523 1214 1664 1256 ratione,

251 1271 343 1317 quod
363 1271 496 1305 videam
516 1283 594 1305 mox
613 1277 647 1305 et
666 1270 943 1306 WVedderburnia
962 1277 996 1306 et
1017 1271 1146 1305 Humia
1163 1283 1241 1306 arce
1256 1271 1371 1306 comiti
1388 1272 1526 1306 Araniae
1541 1272 1664 1314 cefisse,

251 1329 342 1375 quod
362 1342 430 1364 non
449 1329 586 1365 credam
606 1329 737 1364 faetum
766 1342 807 1364 ex
834 1342 903 1377 quo
925 1330 1099 1377 Georgius
1119 1330 1151 1364 in
1171 1331 1315 1377 patriam
1344 1330 1490 1373 redierit,
1512 1343 1614 1378 quem
1633 1333 1665 1366 in

253 1388 417 1434 Angliam
446 1389 613 1423 reversum
642 1388 819 1435 probabile
846 1401 913 1423 non
942 1389 999 1430 est,
1020 1401 1085 1423 uec
1114 1389 1257 1436 potuifl'e
1278 1389 1453 1424 Davidem
1476 1402 1554 1424 eum
1574 1391 1606 1424 in
1626 1391 1665 1425 iis

251 1446 504 1493 pofl'effionibus
523 1447 680 1487 retinere,
700 1447 824 1494 quibus
843 1447 913 1494 ipse
932 1447 1074 1482 cesserit.
1129 1447 1388 1482 Gubernatores
1408 1449 1497 1482 enim
1513 1461 1590 1483 cum
1611 1462 1665 1484 co-

250 1505 358 1545 ifl'ent,
385 1505 540 1552 quamvis
567 1518 686 1540 omnes
704 1506 837 1540 factum
868 1506 1047 1552 gauderat,
1078 1505 1221 1548 sublato,
1242 1506 1299 1553 qui
1329 1506 1368 1541 iis
1397 1506 1556 1553 przelatus
1581 1514 1664 1545 erat,

250 1570 366 1598 extero
386 1570 419 1598 et
438 1565 573 1603 aemulo,
593 1571 707 1599 tamen
728 1571 764 1599 ut
783 1577 852 1599 rem
869 1578 887 1598 a
907 1564 1044 1612 publica
1061 1565 1268 1600 conscientia
1283 1565 1471 1612 rejicerent,
1489 1572 1522 1600 et
1538 1578 1579 1600 ne
1594 1579 1664 1601 ma-

247 1623 301 1668 jor
320 1623 442 1669 aliquis
461 1629 573 1657 motus
592 1624 745 1663 oriretur,
765 1624 924 1658 comitem
947 1624 1086 1658 Araniae
1105 1624 1292 1670 principem
1313 1624 1481 1658 rectorem
1498 1624 1664 1672 deligunt,

251 1682 389 1715 comitia
408 1681 571 1723 indicunt,
593 1687 664 1716 tum
686 1682 857 1716 Davidem
885 1688 917 1716 et
947 1683 1069 1717 fratres
1101 1695 1140 1717 ac
1174 1682 1385 1716 Gulielmum
1417 1682 1663 1717 Cockburnum

252 1740 284 1773 in
316 1739 485 1774 decimum
511 1752 638 1774 nonum
665 1739 787 1774 mensis
814 1740 989 1775 Februarii
1017 1741 1136 1781 citant,
1156 1754 1195 1775 ac
1215 1742 1247 1775 se
1274 1753 1341 1775 non
1367 1740 1517 1776 sistentes
1544 1743 1665 1788 perdu-

252 1798 334 1833 elles
360 1798 580 1838 denunciant,
602 1799 732 1833 Aranio
756 1799 798 1833 ad
827 1800 1100 1846 persequendum
1128 1800 1314 1834 exercitum
1343 1799 1420 1833 satis
1449 1801 1664 1835 numerosum

252 1857 450 1891 decernunt.
504 1856 557 1890 Eo
582 1857 638 1891 ille
666 1857 852 1898 acciacum,
882 1864 915 1891 et
942 1857 1127 1904 majoribus
1156 1858 1333 1892 tormentis
1364 1858 1406 1892 ad
1437 1858 1665 1894 verberandas

253 1927 348 1950 arces
361 1927 429 1949 una
445 1915 589 1955 aducffia
608 1914 804 1950 Lauderum
824 1916 927 1950 venit.
975 1916 1058 1951 Illuc
1078 1916 1120 1951 ad
1141 1929 1218 1951 eum
1237 1916 1349 1950 David
1368 1916 1665 1957 ffidderburniae,

256 1972 403 2014 Humiae‚
420 1980 453 2007 et
471 1973 665 2020 Langtonae
681 1974 809 2008 arcium
825 1974 938 2008 claves
957 1975 1070 2015 mittit,
1087 1975 1142 2009 ille
1158 1975 1190 2009 in
1205 1974 1353 2021 lingulas
1373 1976 1536 2022 praesidia.
1579 1977 1664 2011 Ara-

254 2032 310 2066 nio
329 2038 417 2066 retro
437 2031 598 2073 Ediuum,
622 2031 736 2066 David
757 2032 1011 2079 Edringtonum
1032 2034 1064 2068 se
1084 2034 1222 2080 recepit.
1278 2033 1377 2068 Baffii
1405 2047 1447 2069 ea
1465 2047 1523 2069 arx
1543 2035 1602 2075 est,
1622 2036 1665 2069 ad

253 2090 415 2124 sinistram
438 2090 645 2124 Whittadari
674 2090 782 2125 amnis
810 2091 917 2137 ripam
946 2092 1024 2126 satis
1050 2092 1192 2133 munita,
1214 2092 1320 2138 ipsum
1340 2092 1435 2127 fundi
1457 2092 1665 2128 Berricenfis

253 2149 395 2183 limitem
415 2149 600 2196 attingens.
653 2148 753 2189 Eam,
774 2148 922 2191 domino,
944 2150 1002 2196 qui
1022 2150 1135 2184 uxoris
1155 2150 1299 2185 sororem
1320 2151 1352 2185 in
1372 2152 1588 2186 matrimonio
1607 2152 1664 2186 ha-

254 2207 368 2248 bebat,
389 2219 455 2241 non
476 2207 558 2242 auso
577 2207 777 2249 concedere,
799 2208 829 2242 vi
845 2208 948 2255 capit,
969 2214 1004 2242 et
1022 2209 1189 2255 nusquam
1209 2209 1349 2244 ulterius
1368 2210 1569 2257 progressus,
1589 2217 1663 2245 toto

255 2266 344 2300 exilii
363 2272 517 2313 tempore
536 2266 617 2300 inibi
637 2265 814 2308 habitavit,
835 2265 927 2300 haud
947 2266 1055 2300 multo
1074 2267 1216 2306 minore,
1236 2279 1338 2314 quam
1359 2280 1435 2302 cum
1455 2268 1546 2302 domi
1571 2268 1664 2307 esset,

254 2325 470 2366 auctoritate,
491 2325 627 2359 nemine
654 2324 902 2371 propemodum
930 2324 1109 2372 imperium
1129 2325 1353 2368 deti-efflante,
1375 2338 1450 2366 nec,
1470 2326 1526 2360 nili
1547 2338 1587 2361 eo
1608 2326 1664 2361 ad-
