1922 2767
275 294 320 325 80
715 290 782 325 DE
813 289 1034 325 FAMILIA
1064 289 1250 325 HUMIA.

277 393 449 440 equitibus
474 393 731 428 minitabundus
754 394 911 440 praeterit,
941 399 975 428 et
999 394 1031 428 in
1056 393 1154 433 colle,
1183 405 1241 440 per
1266 405 1369 440 quem
1394 399 1535 428 ventura
1562 393 1681 428 Humii

277 451 406 485 auxilia
425 451 539 492 essent,
561 452 651 486 mille
671 452 749 486 inde
768 451 914 498 patlibus
932 451 1057 493 statuit,
1082 451 1224 499 pedites,
1246 452 1289 486 ad
1312 452 1379 486 duo
1399 452 1442 487 ab
1466 465 1544 487 arce
1563 453 1684 492 stadia,

276 509 458 545 instru&os
477 510 562 545 stare
576 510 686 557 jubet.
742 510 866 552 David,
887 510 986 545 rniffis
1004 510 1046 545 ad
1067 511 1195 545 amicos
1213 511 1356 552 nunciis,
1377 523 1445 557 quo
1471 511 1503 545 in
1528 511 1615 546 statu
1634 524 1687 546 res

277 568 392 610 efl'ent,
413 575 445 603 et
466 575 501 603 ut
520 569 671 604 adessent
685 569 718 603 in
734 575 897 616 tempore,
914 576 1042 604 monet.
1083 569 1160 603 Nec
1175 569 1220 603 illi
1237 569 1387 604 cunctati
1404 570 1501 610 sunt3
1520 576 1554 604 et
1569 583 1687 617 quam-

275 628 324 662 vis
347 627 530 674 Georgius,
548 640 589 662 eo
609 628 678 675 ipso
697 628 762 669 die,
782 627 1013 662 Thurstonum
1029 628 1204 674 profefihls
1218 628 1305 662 forte
1321 627 1449 669 aberat,
1466 635 1580 663 tamen
1595 629 1685 663 haud

276 687 434 733 segniter,
454 693 533 721 ante
551 686 669 721 horam
688 686 835 726 tertiam,
856 686 1177 727 Darnechesterum,
1199 686 1231 720 in
1254 686 1334 721 Cari
1353 687 1585 733 conspeetum,
1601 687 1688 721 intra

248 764 251 767 Δ
276 745 340 780 tria
358 745 467 780 stadia
486 758 686 787 convenere,
708 745 750 779 ad
777 745 1008 791 septingentos
1028 745 1191 786 homines,
1214 757 1282 792 qua
1301 745 1444 792 equites,
1466 758 1533 792 qua
1553 745 1685 792 pedites

283 810 406 846 erant3
443 817 529 851 quos
556 803 725 838 advenisse
749 804 860 843 variis,
892 816 933 838 ex
963 804 1030 838 alia
1057 809 1164 850 parte,
1190 804 1321 838 nunciis
1346 804 1442 838 sentit
1475 804 1600 844 David,
1630 805 1687 839 sed

276 863 465 909 interjeefis
486 862 709 904 Teviotianis,
730 875 817 909 quae,
839 870 872 897 et
891 869 1029 909 quantae
1053 863 1158 897 essent
1185 863 1304 909 copiae,
1333 862 1525 910 ignorabat.
1580 863 1627 898 Ut
1654 864 1687 898 id

276 921 384 963 sciret,
408 921 583 955 Gauinum
604 919 754 955 Fordnm
768 933 857 967 equo
877 922 935 955 suo
954 921 1122 967 imposuit,
1144 927 1177 955 et
1197 921 1358 955 mandata
1378 921 1448 961 dat,
1469 929 1514 963 ut,
1535 922 1687 957 hostibus

275 980 381 1027 longo
401 980 619 1014 circumflexu
638 980 762 1018 vitatis,
778 979 821 1013 ad
836 992 895 1013 eos
910 980 1161 1021 transcurreret,
1178 980 1396 1026 ediceretque
1412 979 1575 1027 siquidem
1588 994 1687 1028 pares

276 1038 341 1073 illis
359 1038 473 1080 effent,
495 1038 552 1085 qui
572 1044 651 1072 ante
670 1050 729 1072 eos
748 1037 891 1079 stabant,
913 1050 955 1072 ne
974 1037 1170 1072 dubitarent
1190 1038 1232 1072 ad
1251 1039 1284 1073 se
1303 1039 1427 1081 venire,
1449 1045 1482 1073 et
1501 1039 1523 1073 fi
1542 1040 1624 1086 quid
1639 1041 1684 1074 illi

276 1102 459 1136 tentarent,
479 1097 598 1143 proelio
618 1096 825 1143 confligere3
855 1097 897 1138 se,
919 1096 1074 1143 quamvis
1099 1096 1227 1131 minore
1250 1108 1401 1138 numero,
1431 1104 1465 1131 at
1492 1099 1688 1133 melioribus

276 1155 450 1196 militibus,
480 1161 512 1189 et
538 1155 676 1189 armatis
703 1161 821 1189 contra
849 1155 1059 1189 inconditam
1087 1162 1120 1189 et
1140 1155 1350 1190 semiermem
1369 1156 1503 1190 turbam
1523 1157 1687 1203 peditum,

277 1227 354 1261 quae
373 1227 391 1249 e
410 1214 551 1261 regione
571 1213 715 1253 stabant,
735 1214 1000 1260 congressurum.
1056 1213 1119 1253 Illi,
1138 1213 1203 1248 hoc
1222 1215 1355 1249 nuncio.
1367 1221 1520 1262 accepto,
1542 1216 1636 1250 τρὸὶει
1655 1216 1687 1250 in

275 1273 406 1308 hostem
433 1273 574 1310 vadunt,
601 1278 635 1307 et
661 1272 728 1313 ille,
757 1272 859 1307 hastis
886 1273 1021 1313 erecffls,
1046 1272 1139 1319 quafi
1159 1273 1320 1307 incursuri
1339 1279 1542 1316 occurrunt3
1571 1287 1687 1308 verum

276 1345 354 1367 cum
380 1332 495 1367 venire
523 1345 592 1373 eos,
622 1331 771 1378 displosis
796 1332 927 1378 aliquot
953 1331 1119 1366 machinis
1139 1331 1335 1374 minoribus,
1356 1332 1541 1379 intrepidos
1560 1333 1686 1374 vident,

277 1391 461 1438 expe&are
488 1403 555 1425 non
584 1391 663 1430 aufi,
691 1391 724 1424 se
749 1390 791 1424 ad
819 1391 952 1437 pedites
978 1391 1070 1438 prius
1098 1391 1275 1437 recipiunt,
1303 1404 1407 1439 quam
1431 1391 1554 1433 David,
1579 1398 1612 1426 et
1631 1393 1688 1439 qui

276 1462 354 1484 cum
373 1461 414 1484 eo
434 1456 541 1489 erant,
562 1449 736 1496 pervenire
756 1449 798 1483 ad
818 1462 887 1490 eos,
909 1450 1064 1496 quamvis
1083 1450 1126 1484 ad
1154 1450 1295 1496 primam
1323 1451 1605 1485 tormentulorum
1633 1464 1688 1485 ex-

275 1508 460 1555 plofionem
482 1508 700 1550 festinassent,
722 1514 876 1555 potuere.
931 1508 1053 1555 Itaque
1072 1515 1106 1543 et
1125 1509 1180 1543 ille
1199 1509 1275 1543 suos
1293 1509 1528 1556 expectandos
1547 1510 1686 1548 censuit,

278 1567 402 1614 quibus
421 1567 592 1614 adjundstis
612 1580 679 1601 uno
707 1567 845 1615 agmine
865 1568 897 1601 in
916 1567 1046 1602 hostem
1069 1568 1335 1614 proficiscuntur.
1390 1568 1441 1602 Illi
1466 1569 1498 1603 se
1526 1569 1686 1615 recipere,

277 1638 320 1661 ne
347 1638 499 1673 pugnam
527 1627 682 1673 experiri.
737 1626 781 1660 Et
806 1626 861 1661 ille
888 1638 957 1668 eos,
987 1639 1022 1661 re
1048 1626 1189 1668 infe&a‚
1223 1627 1373 1674 abegisse
1400 1634 1591 1669 contentus,
1623 1628 1687 1662 ho<-

278 1697 381 1719 unum
411 1684 549 1731 agebat,
578 1691 614 1719 ut
640 1685 717 1719 suos
742 1690 941 1726 moraretur,
968 1691 1004 1719 ut
1023 1685 1114 1719 lente
1134 1685 1350 1731 insequentes
1369 1686 1513 1732 spatium
1533 1686 1687 1733 fugiendi

276 1743 406 1784 darent,
422 1743 551 1777 caedem
566 1756 633 1777 non
648 1744 812 1784 facerent,
829 1743 939 1777 donec
952 1756 992 1777 ex
1005 1744 1078 1790 ejus
1092 1743 1256 1778 comitatu
1271 1744 1533 1779 Manderstonus
1548 1745 1688 1792 quidam

277 1802 494 1848 cognomine,
514 1809 641 1836 temere
660 1803 693 1836 in
712 1814 771 1836 eos
790 1802 955 1843 invthus,
976 1803 1097 1837 vulnus
1116 1802 1148 1836 in
1167 1803 1296 1836 femore
1316 1803 1471 1849 accepit3
1495 1816 1574 1850 quo,
1595 1804 1687 1838 velut

277 1860 410 1895 claffico
437 1861 578 1900 incitati,
603 1860 784 1900 Merciani,
807 1867 842 1894 ut
862 1860 1110 1902 ulciscerentur,
1132 1861 1223 1894 omni
1243 1861 1273 1894 vi
1293 1861 1325 1895 se
1344 1861 1503 1896 inferunt.
1558 1862 1687 1897 Verum

277 1919 323 1953 illi
343 1919 376 1953 id
395 1919 501 1966 ipsum
523 1919 628 1958 veriti,
648 1925 899 1966 occupaverant
918 1919 1048 1965 fugam,
1066 1925 1099 1953 et
1114 1919 1176 1953 iter
1191 1926 1436 1966 praeceperant,
1451 1933 1519 1967 qua
1534 1921 1688 1968 proxima

278 1979 311 2012 in
341 1978 504 2024 Angliam
532 1978 596 2018 via,
626 1978 784 2024 priusque
811 1977 854 2011 ad
882 1978 1006 2011 flumen
1032 1977 1190 2012 Tuedam
1218 1990 1413 2024 pervenere,
1436 1992 1539 2026 quam
1560 1980 1686 2027 afl'equi

278 2049 337 2071 eos
357 2037 524 2071 Merciani
545 2035 686 2083 poss'ent,
706 2048 765 2082 per
784 2036 963 2083 angustam
983 2049 1023 2070 ac
1042 2036 1205 2071 acclivam
1226 2037 1388 2079 semitam,
1411 2038 1484 2072 aliis
1507 2038 1591 2073 alios
1614 2051 1687 2086 pre-

277 2095 460 2134 mentibus,
480 2108 547 2142 qua
566 2095 696 2141 insequi
714 2095 815 2128 facile
834 2107 901 2128 non
921 2100 1014 2134 erat3
1033 2100 1065 2129 et
1085 2095 1239 2141 quamvis
1259 2096 1433 2131 collocatis
1448 2097 1480 2131 in
1497 2097 1566 2144 ipsa
1581 2098 1687 2132 flumi-

276 2154 328 2188 nis
346 2154 419 2200 ripa
437 2153 688 2200 quinquaginta
707 2153 920 2187 toi-mentulis
939 2154 971 2187 in
991 2153 1099 2187 amnis
1114 2153 1261 2199 trajeetu
1277 2161 1484 2201 peterentur,
1500 2156 1687 2191 incolumes
1706 2151 1732 2177 ⁴

279 2213 456 2259 trajecere,
476 2224 543 2246 uno
563 2218 692 2246 tantum
714 2224 803 2258 equo
823 2212 944 2251 occiso,
964 2212 1140 2247 vulnerato
1161 2213 1305 2247 nemine.
