1922 2767
262 286 305 319 4Γ
723 285 791 320 DE
821 284 1042 320 FAMILIA
1072 284 1244 320 HUMIA

267 402 325 435 per
343 401 401 424 eas
420 389 586 436 potentia,
605 394 642 424 ut
660 401 809 436 aequare,
830 401 1031 436 quanquam
1058 389 1111 424 his
1130 388 1345 424 adminiculis
1372 388 1492 435 adjuti,
1511 400 1578 423 uon
1603 389 1678 435 pos-

263 448 347 482 sent.
402 448 481 488 Quo
499 448 643 488 sacffum,
663 454 700 482 ut
718 460 795 483 curn
811 448 854 482 de
872 448 989 482 limitis
1008 448 1182 482 orientalis
1209 447 1426 494 praefectura,
1447 459 1488 481 ac
1506 447 1679 481 conventi-

265 507 327 541 bus
347 519 424 541 cum
445 506 569 553 Anglis
583 519 694 541 rerum
709 506 976 554 repetundarum
992 506 1146 553 agendis,
1164 506 1347 540 concilium
1364 505 1514 548 iniretur,
1531 506 1678 540 maxime

274 565 418 599 idoneus
437 565 524 600 visus
543 565 603 604 est,
627 565 681 600 cui
700 578 742 600 ea
761 578 842 600 cura
870 565 1149 600 committeretur.
1203 564 1325 611 Itaque
1344 564 1431 598 ultro
1450 564 1628 604 arcessunt,
1647 572 1681 599 et

268 623 413 658 offerunt
432 636 553 670 prorex
572 632 605 658 et
625 623 831 665 Mortonius,
852 636 916 658 nec
936 623 1103 658 abnuisset
1122 623 1188 665 ille,
1210 629 1325 657 tamen
1344 623 1476 669 sumpta
1495 623 1594 657 unius
1613 623 1680 658 diei

268 694 362 717 mora
382 682 425 716 ad
451 682 722 724 deliberandum,
743 688 779 717 ut
797 682 881 717 nihil
908 683 1148 729 praecipitaret.
1204 681 1308 716 Hanc
1335 680 1549 716 occasionem
1575 682 1682 721 nacti,

268 754 354 787 quos
373 741 531 781 diximus,
550 752 696 788 prorege
723 742 934 776 mentiuntur
959 753 1037 776 eum
1059 740 1247 775 Alexandri
1276 740 1436 787 principis
1458 740 1682 780 voluntatem,

268 800 365 846 cujus
384 812 425 834 ea
443 800 638 846 procuratio
656 800 780 842 fuerat,
801 799 988 847 expetiisse.
1043 799 1147 840 Quod
1167 811 1244 834 cum
1264 799 1319 833 ille
1347 798 1510 839 crederet,
1536 799 1684 833 irritatus

271 859 512 893 Coldincnolio
531 859 775 905 praefecturum
797 858 867 894 dat.
923 858 1222 893 VVedderburnius
1241 871 1283 893 ea
1308 858 1516 905 indignitate
1535 870 1683 893 commo-

269 926 332 957 tus,
354 924 388 952 et
406 917 552 952 ludibrio
573 918 605 952 se
624 917 742 952 baberi
761 917 911 964 questus,
932 916 1073 951 domurn
1089 917 1133 959 se,
1154 917 1312 952 omnibus
1330 917 1456 963 pariter
1473 917 1590 957 iratus,
1605 929 1683 951 con-

269 977 356 1010 tulit.
410 976 488 1011 Nec
507 977 594 1011 ultra
613 982 729 1010 tamen
749 976 863 1010 ulcisci
879 988 1030 1022 unquam
1051 981 1194 1010 conatus
1209 975 1268 1015 est,
1283 975 1343 1010 nifi
1358 975 1448 1022 quod
1468 976 1683 1022 praefectum,

269 1048 328 1081 pro
348 1036 460 1070 officio
479 1036 665 1082 quicquam
684 1041 858 1081 agentem,
880 1034 1068 1081 agnoscere
1084 1046 1260 1081 nunquam
1277 1034 1439 1081 dignatus
1458 1035 1517 1075 est,
1533 1048 1596 1069 nec
1616 1035 1684 1082 ipse

269 1093 311 1127 :ul
331 1100 518 1128 conventus
536 1093 594 1134 ire,
615 1105 679 1127 nec
703 1093 840 1127 suorum
860 1092 966 1126 ullum
988 1091 1136 1139 permisit
1163 1092 1364 1139 obsequium
1384 1093 1414 1127 ei
1434 1099 1493 1128 aut
1520 1093 1684 1128 honorem

269 1152 441 1187 exhibere.
498 1151 533 1186 Si
553 1151 635 1198 quid
657 1151 794 1198 Anglus
814 1151 996 1198 quisquam
1015 1151 1058 1185 de
1077 1150 1180 1198 ipfius
1195 1151 1377 1186 clientibus
1392 1158 1600 1198 quereretur,
1617 1153 1686 1199 ipse

270 1210 500 1257 cognoscebat
521 1222 560 1244 ac
584 1211 641 1257 jus
660 1209 831 1256 capiebat.
888 1209 923 1243 Si
943 1209 1025 1256 quid
1053 1209 1096 1243 ab
1126 1209 1249 1256 Anglis
1268 1209 1492 1256 repetendum
1519 1216 1602 1250 erat,
1622 1211 1685 1257 pri-

269 1270 373 1303 vatim
393 1269 582 1315 repetebat,
602 1276 635 1303 et
654 1269 812 1315 privatim
831 1268 876 1302 illi
896 1267 1109 1308 1·eddebant;
1130 1274 1254 1303 caetera
1273 1281 1373 1315 aequo
1398 1269 1512 1303 animo
1531 1269 1619 1304 hanc
1637 1270 1685 1304 in-

266 1329 403 1374 juriam,
423 1328 519 1374 cujus
541 1327 735 1361 Mortonius
750 1339 828 1374 pars
843 1327 965 1368 fuerat,
983 1326 1071 1361 tulit.
1127 1326 1275 1362 Gravius
1290 1327 1440 1361 animum
1454 1327 1577 1369 affecit,
1593 1329 1685 1375 quod

270 1399 330 1433 pro
353 1386 527 1421 Gulielnio
550 1385 653 1425 Caro,
673 1398 692 1420 e
711 1386 822 1420 sorore
841 1392 978 1432 nepote,
999 1385 1090 1432 apud
1110 1385 1259 1420 eundem
1280 1386 1503 1427 Mortonium,
1517 1387 1592 1433 jam
1611 1400 1685 1434 pro-

271 1458 399 1491 regem,
419 1445 634 1479 intercedens
649 1445 731 1479 nibil
751 1444 948 1491 profecerit.
1003 1444 1089 1479 Erat
1104 1444 1159 1478 ille
1178 1444 1289 1479 Carus
1307 1445 1423 1492 magni
1443 1445 1546 1480 animi
1565 1452 1598 1480 et
1618 1447 1685 1493 spei

267 1505 413 1549 juvenis,
435 1504 536 1538 rebus
555 1504 700 1551 agendis
726 1516 871 1551 gnavus,
891 1509 925 1538 et
947 1504 1144 1543 acerrimus,
1164 1510 1198 1538 et
1216 1503 1315 1550 patrii
1335 1504 1447 1543 moris,
1468 1510 1501 1538 et.
1518 1505 1685 1539 limitane-

272 1576 365 1597 arum
388 1576 497 1598 rerum
518 1575 644 1610 gnarus
662 1562 685 1597 sl
705 1563 896 1609 quisquam.
951 1562 996 1597 Et
1016 1575 1092 1596 cun]
1121 1575 1164 1596 ex
1186 1562 1397 1597 Farniliestia
1421 1563 1550 1597 familia
1575 1564 1685 1598 oriun-

271 1623 334 1656 dus
361 1622 453 1662 esset,
476 1629 591 1656 tamen
612 1621 810 1668 Duglaffiis,
832 1621 874 1655 ad
902 1634 988 1668 quos
1016 1627 1208 1655 maternum
1229 1633 1338 1668 genus
1368 1622 1547 1663 referebat,
1577 1630 1608 1656 et
1629 1623 1686 1657 sua

272 1682 400 1727 sponte,
422 1688 456 1715 et
477 1681 594 1715 matris
613 1680 758 1715 concilio
778 1679 947 1721 addictus,
970 1680 1091 1714 relicto
1113 1679 1324 1714 Farnihestio
1352 1680 1395 1714 ad
1416 1680 1627 1715 Mortonium
1654 1682 1687 1716 se

273 1740 476 1777 contulerat,
496 1745 530 1773 et
548 1739 650 1773 fidem
670 1739 762 1773 suam
783 1751 823 1772 ac
842 1750 981 1785 operam
1001 1739 1101 1785 saepe,
1122 1738 1221 1773 variis
1248 1738 1491 1781 occasionibus,
1513 1739 1684 1786 probarat,

274 1810 314 1832 ac
334 1798 425 1844 apud
446 1810 524 1831 euni
544 1798 575 1831 in
595 1797 674 1831 satis
695 1809 820 1843 magna
839 1797 951 1843 gratia
970 1803 1054 1831 erat.
1109 1796 1141 1831 Is
1160 1809 1237 1831 cum
1257 1797 1442 1843 aliquando
1458 1798 1599 1838 otiandi,
1619 1807 1652 1833 et
1667 1812 1686 1833 a

274 1857 352 1891 belli
372 1856 548 1890 laboribus
577 1855 755 1890 recreandi
774 1856 808 1889 se
835 1856 937 1890 causa
965 1855 1107 1889 domum
1136 1855 1323 1895 receffiss'et,
1346 1855 1464 1903 [forte]
1495 1856 1616 1891 eodem
1639 1858 1686 1892 di-

274 1921 419 1949 verterat
433 1914 585 1948 Joannes
600 1913 817 1960 Moscropius
827 1913 1085 1960 jurisconsultus
1101 1919 1262 1960 paternus
1277 1913 1356 1947 dum
1373 1926 1439 1961 pax
1454 1922 1537 1949 erat.
1571 1915 1687 1950 Caufi-

275 1974 371 2008 dicus
389 1974 428 2012 is,
449 1973 538 2007 bello
558 1978 687 2013 coorto,
708 1979 742 2006 et
761 1972 873 2019 pulsis,
893 1979 951 2007 aut
971 1973 1089 2019 sponte
1110 1972 1191 2007 urbe
1207 1972 1408 2008 cedentibus
1428 1974 1539 2021 regiis,
1561 1987 1600 2009 ac
1624 1975 1687 2010 Le-

278 2033 371 2066 tbam
392 2032 424 2066 se
444 2031 710 2072 conferentibus,
731 2031 789 2077 qui
809 2043 925 2065 eorum
941 2031 1094 2078 partibus
1112 2030 1295 2071 studerent,
1315 2031 1352 2072 is,
1367 2032 1518 2078 inquam,
1537 2033 1687 2068 Moscro-

277 2093 352 2138 pius
372 2090 507 2125 reiculae
527 2090 638 2137 magis
657 2089 839 2130 servandae,
860 2101 964 2136 quan]
984 2089 1053 2123 ullo
1076 2090 1222 2136 partium
1241 2089 1362 2131 studio,
1383 2096 1417 2124 ut
1438 2091 1495 2137 qui
1515 2104 1577 2127 nec
1598 2092 1686 2127 bello

277 2150 432 2190 idoneus,
453 2161 516 2183 nec
536 2148 680 2182 concilio
710 2154 898 2194 promptus,
918 2147 1018 2182 rebus
1038 2148 1070 2182 se
1090 2160 1311 2194 nequaquam
1340 2149 1561 2192 immiscebat,
1584 2150 1685 2185 Edini

281 2207 486 2242 substiterat.
540 2206 654 2247 Hunc,
675 2206 758 2240 nihil
774 2206 853 2240 mali
874 2206 1070 2252 suspicatus,
1092 2212 1124 2240 et
1144 2208 1201 2241 sua
1221 2207 1310 2253 apud
1333 2207 1544 2243 Mortonium
1563 2210 1684 2256 gratia,

278 2274 307 2301 et
330 2279 407 2301 cum
426 2265 657 2312 Jedburgenis
679 2264 925 2299 consuetudine
944 2264 1098 2306 confisus,
1119 2264 1141 2299 fi
1161 2265 1242 2312 quid
1270 2265 1405 2300 offensae
1433 2267 1466 2300 in
1495 2280 1536 2301 eo
1562 2267 1683 2308 fuisset,

277 2324 479 2359 dissimulare
498 2324 531 2358 id
551 2323 652 2370 poffe,
670 2336 739 2370 quo
758 2329 874 2358 tamen
894 2322 986 2358 haud
1005 2323 1168 2358 offensum
1189 2324 1226 2358 iri
1246 2336 1441 2371 quenquem
1462 2326 1552 2373 apud
1571 2327 1604 2361 se
1623 2327 1686 2362 sta-
