1922 2767
693 289 1206 326 WEDDERBURNENSI.
1608 293 1653 325 55

235 392 431 427 levissimam
454 393 591 427 causam
620 392 727 434 daret,
752 392 885 427 cavisse.
940 392 1018 427 Miti
1038 393 1094 427 illa
1114 392 1252 440 ingenio
1271 399 1305 427 et
1323 393 1389 427 leni
1410 393 1500 440 apud
1520 405 1648 435 omnes,

234 458 268 486 et
287 464 390 498 quam
408 463 475 486 non
494 452 596 486 facile
615 451 805 486 offenderes
821 465 830 493 ς
851 451 998 491 offensae,
1018 450 1040 486 fi
1060 451 1258 491 obveniss‘et,
1278 452 1441 493 tenacior,
1463 464 1530 486 nou
1549 452 1650 487 facile

234 509 441 544 remittebat.
495 510 658 551 Quidam,
679 516 714 544 ut
733 509 820 544 lianc
840 510 913 556 ejus
932 510 1170 557 erogationem
1189 510 1221 544 in
1237 522 1406 557 pauperes
1420 510 1561 550 laxaret,
1576 511 1650 545 sub-

234 568 320 603 mifit
338 568 510 604 hominem
530 569 608 603 satis
626 569 777 609 divitem,
793 569 851 616 qui
866 581 1052 616 pauperem
1069 570 1100 603 se
1116 568 1297 610 simularet,
1315 568 1412 615 cujus
1427 568 1484 603 illa
1502 569 1648 609 miserta,

233 627 364 674 aliquot
390 628 491 662 tritici
518 627 650 663 modios
677 628 707 662 ei
735 627 850 667 dedit3
878 628 1026 662 eundem
1054 628 1176 662 iterum
1202 627 1361 668 submisit,
1382 628 1574 674 iterumque
1593 628 1650 662 illa

234 686 437 721 tantundem
456 687 580 734 largita
598 686 658 721 est.
711 686 842 721 Verum
861 699 939 721 cum
959 687 1057 721 tertio
1076 686 1209 729 rediret,
1227 686 1292 721 slve
1308 687 1447 722 aliunde
1462 687 1650 728 admonita,

235 744 313 785 five,
332 746 390 780 suo
410 746 528 792 sponte
553 746 672 793 agnito
691 744 840 787 homine,
865 745 980 779 dolum
1000 745 1119 786 seufit;
1147 746 1238 781 unde
1258 745 1329 793 ipfi,
1348 752 1382 781 et
1401 746 1458 793 qui
1478 758 1556 781 eum
1576 746 1650 781 sub-

232 811 380 846 ornarat,
410 804 527 838 haberi
554 805 648 839 suam
674 804 916 839 liberalitatem
943 805 990 839 ita
1017 804 1164 839 ludibrio
1191 805 1289 847 irata,
1318 817 1494 852 nunquam
1522 805 1650 852 placari

232 863 349 905 voluit,
366 870 425 897 aut
439 863 659 905 reconciliari,
677 875 791 910 neque
806 875 923 898 eorum
943 876 1141 910 quenquem
1161 864 1194 899 in
1214 865 1437 911 conspectum
1457 864 1648 899 admittere.
1693 881 1696 884 ·

236 921 397 969 Longum
415 922 497 957 effet
515 922 630 956 omnia
648 922 872 965 liberalitatis,
893 935 933 957 ac
952 922 1191 958 misericordiae
1209 923 1332 965 officia,
1354 929 1388 957 et
1412 936 1475 958 nec
1498 923 1648 970 poffibile

232 981 371 1028 quidem
398 981 599 1021 describere,
626 993 704 1028 quae
731 981 845 1016 adhuc
872 982 965 1028 vulgi
996 994 1054 1016 ore
1083 988 1250 1016 teruntur.
1305 982 1508 1017 Amicorum
1538 983 1650 1017 mariti

232 1052 320 1087 pene
340 1053 444 1087 quam
462 1041 597 1075 suorum
612 1040 791 1080 amantior,
807 1040 938 1087 illisque
951 1041 1060 1075 rursus
1076 1053 1143 1075 non
1159 1041 1270 1075 minus
1285 1047 1400 1075 amata
1415 1054 1455 1076 ac
1469 1041 1647 1076 honorata.

235 1098 421 1134 Neminem
440 1112 506 1146 ego
526 1111 677 1146 unquam
697 1099 739 1134 de
758 1112 799 1134 ea
817 1099 1016 1146 loquentem
1037 1099 1165 1140 audivi,
1184 1100 1242 1147 qui
1261 1112 1328 1134 non
1348 1101 1513 1135 summam
1532 1101 1562 1135 ei
1577 1101 1649 1135 lau-

233 1158 323 1199 dem,
344 1158 442 1205 supra
461 1164 631 1205 quotquot
650 1164 791 1192 noverat
810 1158 981 1198 foeminas,
1008 1158 1176 1193 dederint.
1232 1158 1346 1193 Unam
1374 1158 1475 1206 ipfius
1501 1160 1648 1194 sororem

233 1222 315 1251 natu
343 1217 527 1251 maximam
553 1217 693 1251 memini
720 1216 846 1257 dicere,
874 1217 970 1251 fuifl'e
995 1217 1097 1252 aliam
1117 1217 1236 1251 harum
1256 1218 1414 1258 sororem,
1433 1218 1548 1252 indole
1567 1218 1648 1253 nihil

234 1275 449 1314 inferiorem;
476 1287 591 1309 verum
611 1275 801 1309 tenuiorem
821 1276 853 1309 in
874 1275 1024 1317 domum,
1046 1282 1080 1310 et
1098 1276 1210 1311 minus
1224 1276 1432 1323 locupletem
1447 1289 1525 1311 cum
1543 1277 1649 1311 venis-

234 1335 291 1376 set,
313 1346 380 1368 non
399 1333 495 1368 fuisse
514 1333 677 1369 bonitatis
695 1340 728 1369 et
746 1334 962 1369 liberalitatis
982 1334 1183 1369 exercendae
1205 1335 1350 1382 copiam,
1378 1335 1492 1370 animo
1520 1347 1648 1382 parem,

233 1406 296 1428 nec
323 1400 393 1428 tam
421 1393 582 1427 illustrem
607 1406 647 1428 ac
675 1393 906 1440 conspicuam,
930 1406 1034 1440 quam
1062 1394 1204 1434 exeruit,
1230 1401 1266 1428 ut
1291 1394 1483 1429 obscuriore
1507 1395 1540 1429 in
1559 1395 1647 1430 loco.

236 1452 339 1499 Frugi
359 1458 474 1486 tamen
494 1458 528 1486 et
546 1452 695 1499 prudens
714 1464 784 1487 rem
804 1453 910 1493 auxit,
929 1462 963 1488 et
983 1452 1026 1487 ad
1045 1453 1108 1487 tria
1135 1465 1328 1488 marcarum
1354 1454 1460 1488 millia
1488 1454 1581 1500 (erat
1608 1466 1649 1488 ea

232 1511 325 1546 haud
340 1511 466 1558 exigua
485 1518 557 1545 tum
571 1511 718 1557 summa)
734 1511 852 1558 paucis
867 1512 899 1545 in
914 1512 1011 1546 annis
1027 1512 1109 1559 (nec
1124 1512 1214 1547 enim
1230 1513 1327 1559 supra
1342 1512 1533 1547 duodecem
1546 1513 1647 1558 vixit)

233 1571 305 1605 auri
324 1570 469 1617 reliquit,
491 1576 525 1604 et
543 1569 704 1604 dotandae
723 1570 799 1604 filiae
819 1570 1008 1612 destinavit,
1030 1571 1123 1617 quod
1142 1577 1175 1605 et
1196 1571 1328 1606 factum
1354 1571 1414 1606 est.
1469 1571 1571 1606 Circa
1596 1584 1649 1607 res

232 1629 437 1664 domesticas
464 1629 591 1670 sedula,
620 1636 654 1663 et
673 1629 705 1663 in
724 1629 856 1663 familia
875 1629 1063 1676 splendida,
1083 1636 1116 1664 et
1136 1629 1179 1664 ad
1195 1630 1306 1664 mariti
1325 1631 1502 1678 ingenium
1527 1630 1647 1678 larga;

233 1689 266 1722 in
298 1688 391 1723 cultu
421 1688 612 1727 moderata,
648 1694 684 1722 ut
713 1700 782 1735 quo
817 1688 943 1723 circum
974 1689 1115 1735 negotia
1149 1688 1334 1729 cursitaret,
1361 1701 1429 1724 non
1458 1689 1501 1724 ad
1531 1690 1648 1724 luxum

234 1753 409 1789 uteretur3
438 1747 495 1794 pia
522 1747 625 1781 etiam
654 1759 694 1781 ac
724 1747 791 1781 Dei
816 1748 937 1782 timore
969 1747 1111 1787 imbuta,
1139 1747 1182 1782 ad
1213 1760 1316 1794 quem
1347 1754 1381 1783 et
1407 1748 1532 1784 liberos
1559 1749 1648 1783 insti-

233 1806 374 1846 tuebat;
401 1806 550 1853 denique
575 1806 666 1840 omni
694 1805 797 1840 modo
823 1805 941 1853 proba.
998 1806 1049 1841 Sit
1077 1806 1149 1841 haec
1173 1807 1304 1841 summa
1328 1807 1421 1854 quod
1439 1807 1561 1843 virtute
1589 1807 1649 1843 ob-

233 1864 382 1904 tinuerit,
414 1871 450 1899 ut
480 1864 584 1911 vulgo
612 1864 655 1899 ab
684 1864 843 1900 omnibus
881 1864 978 1899 Bona
1010 1865 1198 1912 usurpetur,
1233 1878 1323 1900 nunc
1352 1878 1490 1913 quoque
1518 1866 1561 1901 ab
1596 1867 1646 1907 iis,

234 1924 292 1970 qui
311 1923 385 1970 ejus
403 1924 464 1958 aevi
484 1923 635 1970 aequales
659 1924 844 1970 supersunt,
866 1923 957 1958 bona
979 1924 1245 1959 VVedderburnii
1264 1924 1403 1959 domina
1430 1925 1645 1972 appelletur3

234 1994 432 2029 quanquam
460 1982 595 2016 fuerant
622 1987 656 2017 et
684 1988 763 2017 ante
790 1988 824 2017 et
855 1982 929 2029 post
952 1983 1078 2017 nemini
1108 1983 1294 2018 inferiores.
1360 1983 1455 2019 Obiit
1481 1997 1523 2019 ex
1550 1997 1647 2032 puer-

234 2041 340 2088 perio,
362 2040 481 2075 famuli
500 2040 587 2087 pede
614 2041 704 2076 latus
728 2041 799 2076 icta
824 2041 978 2087 (Simoni
1012 2041 1214 2077 Hamiltono
1248 2054 1373 2077 nomen
1399 2048 1472 2078 erat
1496 2043 1645 2089 famulo)

234 2099 292 2146 qui
319 2099 400 2133 dum
428 2099 459 2133 in
487 2098 607 2133 horreo
632 2112 710 2134 cum
730 2100 854 2134 ancilla
873 2100 1091 2140 colluctatur,
1111 2100 1307 2136 admonitus
1326 2101 1501 2136 dominam
1521 2102 1644 2142 adeffe,

234 2171 297 2193 nec
316 2164 386 2192 tam
406 2157 632 2205 propinquam
647 2165 750 2201 ratus,
767 2159 847 2193 dum
863 2171 904 2193 ex
919 2159 1082 2207 congesto
1097 2160 1234 2207 frugum
1250 2173 1372 2195 acervo
1387 2160 1504 2202 desilit,
1522 2161 1645 2208 pedem

234 2218 267 2251 in
286 2217 375 2251 latus
393 2216 548 2263 impegit.
603 2216 687 2251 Inde
706 2217 856 2260 abortus,
877 2230 956 2252 mox
975 2230 1065 2253 mors
1085 2219 1210 2261 secuta,
1232 2220 1361 2254 summa
1380 2220 1530 2253 omnium
1554 2232 1645 2254 com-

234 2275 461 2311 miseratione.
516 2274 617 2310 Hanc
636 2287 695 2322 per
714 2276 746 2311 se
766 2277 975 2323 praeclaram,
997 2277 1210 2313 illustriorem
1228 2278 1386 2318 reddidit,
1406 2290 1510 2325 quam
1528 2291 1569 2313 ea
1587 2278 1644 2313 de-
