1922 2767
259 305 303 336 ‘24
717 302 785 337 DE
815 301 1033 338 FAMILIA
1063 301 1236 338 HUMIA

251 403 360 451 picax,
390 409 461 438 tum
486 409 547 444 tot,
566 410 602 439 ut
627 404 696 451 ipse
723 404 1020 452 interpretabatur,
1048 405 1290 441 rebellionibus
1320 406 1510 449 irritatum3
1539 407 1621 449 falli,
1642 407 1665 441 si

253 463 327 497 haec
346 462 527 498 obliterata
546 463 720 503 crederet3
747 463 874 498 haerere
895 464 1007 499 adhuc
1025 471 1198 499 recentem
1218 472 1297 500 ante
1316 466 1434 500 oculos
1459 465 1667 500 simultatum

253 522 463 563 memoriam,
478 528 512 557 et
530 522 562 556 in
582 522 742 557 vindictae
757 522 969 557 occasionem
982 523 1119 558 recondi
1134 537 1143 566 3
1165 531 1323 558 tenacem
1338 524 1404 558 effe
1416 524 1667 559 inimicitiarum

255 586 423 622 naturam,
444 586 478 615 et
495 581 682 615 malevolos
700 593 767 615 non
795 581 906 616 deefi'e
932 581 990 628 qui
1015 582 1260 616 inveterascere
1287 594 1355 616 non
1380 582 1547 625 sinerent,
1575 582 1667 617 haud

254 645 381 674 temere
397 639 429 673 se
442 639 660 674 reconciliato
679 639 815 674 inimico
831 640 998 675 crederet.
1041 640 1114 674 Aut
1132 640 1155 675 fi
1170 640 1203 675 id
1218 640 1328 683 staret,
1346 641 1462 675 saltem
1475 653 1518 675 ne
1533 653 1669 676 omnem

254 697 392 732 familiae
410 698 502 745 spem
521 698 580 732 sub
599 710 704 733 unum
723 699 829 733 ictum
848 698 968 741 daret3
999 698 1211 733 Gulielmum
1230 700 1369 734 fratrem
1390 699 1481 734 domi
1500 700 1668 747 relinque-

255 764 305 791 ret
333 757 425 802 (erat
450 756 505 791 hic
533 769 638 804 prope
662 757 770 804 major
796 770 900 804 quam
927 757 986 804 ipsi
1013 758 1231 798 auctoritate,
1251 759 1306 793 seu
1334 771 1438 793 manu
1465 759 1615 798 strenuo,
1633 766 1665 794 et

254 815 328 862 opis
352 822 520 862 prompto,
541 828 603 850 nec
630 815 752 863 dispari
779 815 970 863 prudentia,
991 817 1048 851 seu
1073 816 1259 859 hominum,
1281 823 1317 851 ut
1344 818 1414 852 fere
1441 818 1488 859 fit,
1509 818 1542 852 in
1569 818 1666 853 fami-

255 873 375 907 liarum
404 874 576 920 proximos
606 873 839 921 propensione,
873 880 944 908 tam
973 875 1085 909 minus
1116 875 1250 910 invidiae
1280 875 1457 918 obnoxios,
1491 889 1593 924 quam
1626 877 1670 911 ab

257 931 478 966 offensionum
498 932 605 967 causis
624 932 840 978 remotiores)
862 933 970 968 altero
989 934 1150 968 incolumi
1171 934 1253 969 nihil
1278 934 1309 969 in
1335 935 1479 969 alterum
1499 936 1668 970 ausurum.

258 990 364 1025 Vadit
383 998 507 1033 tamen,
529 991 646 1038 spretis
665 991 966 1033 admonitionibus,
988 991 1081 1038 quasi
1099 993 1172 1027 sato
1191 1005 1358 1040 praeceps,
1377 1000 1411 1028 et
1437 994 1540 1029 fratre
1567 995 1670 1029 comi-

258 1055 360 1089 tatus,
380 1056 414 1084 et
435 1049 576 1084 Andrea
597 1049 688 1084 Caro
709 1049 934 1085 Farnibastio.
989 1050 1035 1085 Ut
1056 1057 1192 1085 ventum
1215 1052 1248 1086 in
1276 1052 1390 1086 aulam
1415 1052 1473 1095 est,
1494 1053 1605 1087 statim
1624 1053 1672 1087 di-

259 1108 340 1142 versi
359 1109 392 1142 in
412 1108 582 1143 custodias
601 1108 670 1143 dati
689 1122 697 1151 3
726 1121 791 1143 nec
811 1121 917 1148 mora,
936 1109 1011 1155 post
1028 1121 1158 1156 paucos
1177 1109 1249 1144 dies
1268 1110 1311 1144 ad
1330 1112 1466 1145 causam
1489 1112 1670 1146 dicendam

257 1167 426 1214 producti,
457 1180 499 1202 ex
533 1167 695 1201 Judicum
730 1167 896 1202 sententia
927 1167 1092 1207 damnari,
1124 1169 1237 1215 capite
1268 1169 1439 1210 mulctati,
1472 1170 1670 1205 Alexander

258 1226 377 1273 quinto
397 1226 472 1261 idus
493 1226 667 1265 Octobris,
681 1227 785 1261 frater
797 1226 955 1273 postridie
973 1239 982 1266 3
1009 1226 1100 1261 bona
1113 1227 1297 1274 publicata,
1315 1228 1429 1275 capita
1443 1229 1519 1263 loco
1535 1229 1671 1275 publice

259 1285 440 1332 conspicuo
459 1286 525 1320 fixa
544 1285 587 1320 ad
606 1285 840 1332 ignominiam,
862 1285 1086 1332 flagrantibus
1107 1286 1210 1320 etiam
1230 1287 1303 1333 post
1330 1293 1473 1322 mortem
1495 1288 1591 1329 odiis,
1614 1296 1672 1322 aut

259 1345 301 1378 ad
321 1345 467 1391 speciem
481 1345 566 1391 juris
585 1343 813 1391 usurpandam
830 1357 837 1378 :
867 1345 982 1378 omnia
1001 1356 1044 1378 ex
1064 1345 1198 1379 concilii
1217 1345 1394 1387 sententia,
1417 1352 1453 1380 ut
1469 1346 1614 1386 facinus,
1635 1355 1671 1381 ut

257 1404 397 1446 invidia,
418 1403 737 1438 communicaretur.
777 1402 856 1443 Quo
875 1402 1079 1449 potissimum
1094 1403 1234 1438 crimine
1252 1404 1448 1444 occiderint,
1465 1405 1518 1438 vix
1533 1405 1671 1444 diceris3

258 1462 387 1496 nullum
424 1475 549 1496 novum
584 1462 772 1509 objectum,
803 1468 837 1496 et
866 1461 955 1508 regis
990 1461 1121 1496 caedem
1152 1462 1272 1496 frustra
1299 1462 1480 1509 jactatam,
1514 1465 1668 1509 quamvis

260 1521 381 1555 acriter
399 1521 580 1556 accusante
599 1520 732 1555 Jacobo
759 1520 833 1567 ejus
860 1520 977 1560 notho,
1001 1520 1168 1555 Moraviae
1196 1521 1332 1561 comite,
1355 1522 1434 1556 satis
1460 1522 1612 1562 constat3
1639 1530 1671 1557 et

260 1579 447 1614 recentium
466 1585 632 1621 motuum,
653 1578 675 1613 fi
694 1578 776 1626 quid
795 1579 827 1613 in
848 1591 890 1613 eo
918 1579 1077 1621 criminis,
1098 1579 1244 1626 gratiam
1271 1580 1400 1614 factam
1425 1581 1535 1627 magis
1559 1581 1673 1627 palam

260 1645 343 1677 erat,
363 1650 467 1684 quam
486 1644 521 1672 ut
540 1638 659 1685 negari
678 1637 796 1684 posset.
849 1636 916 1671 Hic
935 1642 1050 1671 tamen
1072 1637 1157 1672 caedi
1172 1638 1265 1672 color
1279 1637 1448 1684 quaesitus,
1465 1639 1671 1686 indignanti-

259 1696 322 1731 bus
340 1695 435 1730 simul
454 1702 488 1731 et
505 1695 728 1731 frementibus
745 1695 940 1730 hominibus
959 1709 967 1737 3
996 1696 1079 1730 nihil
1100 1709 1118 1730 a
1138 1696 1278 1743 perfidia
1303 1703 1412 1731 tutum
1433 1696 1455 1731 fi
1474 1710 1515 1732 ea
1534 1698 1567 1733 in
1586 1699 1671 1732 sum-

261 1767 316 1788 mo
334 1754 475 1794 honore,
494 1754 586 1788 laudi
606 1754 719 1795 etiam,
740 1753 843 1794 effet3
871 1754 952 1800 quid
972 1754 1140 1789 attinebat
1158 1755 1291 1790 veniam
1311 1755 1448 1797 dedifl‘e,
1465 1755 1488 1790 fi
1509 1757 1671 1791 luendum

260 1814 376 1847 foret?
432 1812 502 1847 Cur
519 1812 640 1852 luisset,
659 1812 682 1847 fi
700 1812 781 1847 data
800 1812 880 1847 esset
899 1813 1023 1847 venia?
1079 1813 1135 1847 An
1155 1825 1231 1848 eam
1250 1813 1332 1848 nibil
1348 1815 1419 1860 jam
1449 1815 1541 1849 aliud
1568 1828 1671 1862 quam

261 1871 389 1906 fraudis
417 1871 654 1906 tendiculam?
709 1871 757 1905 At
783 1870 817 1905 id
843 1883 962 1918 parum
994 1870 1229 1911 honorificum,
1256 1872 1376 1907 fraude
1407 1873 1537 1913 tollere,
1568 1886 1671 1921 quem

260 1930 383 1964 virtute
401 1942 469 1964 non
488 1942 619 1976 queas3
648 1935 681 1964 et
700 1929 792 1976 quod
811 1929 876 1963 hoc
902 1929 995 1964 aliud
1020 1942 1124 1976 quam
1149 1930 1390 1965 imbecillitatis
1417 1932 1668 1975 confessionem,

264 1995 297 2023 et
315 1989 480 2035 generoso
507 1988 693 2035 indignam,
715 1994 748 2022 et
777 1988 956 2034 imperanti
982 1990 1143 2035 turpem?
1199 1989 1269 2023 Cur
1296 2002 1363 2024 non
1390 1990 1520 2026 bostem
1546 1992 1672 2038 potius,

263 2054 296 2081 et
322 2059 415 2081 arma
440 2046 551 2081 adhuc
580 2053 753 2081 tenentem
776 2046 951 2093 aggressus
978 2046 1070 2088 esser,
1099 2059 1202 2093 quam
1232 2054 1404 2094 pacatum,
1426 2056 1458 2084 et
1485 2051 1543 2097 qui
1568 2051 1614 2085 illi
1640 2053 1672 2085 se

259 2106 331 2152 jam
351 2105 566 2140 crediderat?
622 2105 814 2152 Ingenuum
834 2105 927 2146 illud,
948 2111 981 2139 et
999 2104 1235 2145 honorificum,
1255 2112 1288 2141 et
1307 2106 1349 2141 ad
1374 2108 1540 2143 malorum
1568 2114 1670 2144 terro-

262 2176 332 2199 rem
351 2164 519 2211 pertinere
536 2177 544 2206 3
574 2163 637 2198 hoc
657 2163 818 2210 ignavum
837 2169 870 2198 et
889 2163 1020 2198 foedum
1039 2164 1243 2211 exemplum,
1265 2178 1336 2212 quo
1363 2166 1501 2201 tollatur
1522 2167 1616 2210 fides,
1637 2176 1670 2203 et

262 2235 339 2257 cum
358 2222 424 2257 fide
442 2221 589 2256 humana
610 2222 765 2256 societas.
819 2221 963 2268 Ali[ter]
985 2222 1082 2256 civile
1108 2222 1234 2257 bellum
1261 2230 1295 2258 et
1322 2225 1503 2260 seditiones
1528 2233 1672 2261 aeternas

263 2283 346 2323 fore,
366 2293 430 2316 nec
448 2279 507 2315 nifi
526 2293 602 2315 cum
622 2280 760 2315 alterius
779 2280 879 2315 exilio
904 2280 1082 2321 finiendas,
1100 2281 1231 2317 sublata
1258 2284 1543 2319 reconciliationis
1561 2285 1628 2331 spe,
1649 2286 1671 2319 si

264 2340 368 2374 tutius
387 2339 656 2381 succedentibus,
678 2352 781 2386 quam
801 2339 1005 2374 dedentibus
1024 2340 1133 2383 foret3
1163 2340 1184 2375 si
1204 2341 1235 2375 in
1257 2342 1364 2384 venia,
1389 2355 1492 2389 quam
1511 2344 1543 2378 in
1569 2343 1669 2386 bello,
