1922 2767
717 287 1232 325 WEDDERBURNENSI.
1636 297 1680 332 47

269 390 398 432 tuebat,
419 390 635 437 Jedburgum
655 390 698 425 ad
718 391 891 426 visendam
911 391 1042 433 urbem,
1064 398 1097 426 et
1116 392 1295 427 salutanda
1315 405 1354 427 ex
1385 394 1489 440 longo
1519 395 1679 441 tempori-‚5

266 447 442 483 intervallo
461 454 577 483 vetera
604 449 771 489 sodalitia,
790 455 824 483 et
852 449 1012 496 hospites,
1042 450 1100 497 qui
1130 450 1174 484 illi
1203 451 1282 485 satis
1309 452 1507 498 frequentes
1535 453 1567 486 in
1598 453 1679 486 urbe

267 512 372 549 erant,
394 507 507 542 secum
526 507 631 542 ducit.
686 507 736 542 Ibi
756 520 775 542 e
796 507 1087 543 Rethofordorum
1106 514 1141 544 et
1162 509 1463 544 Trinimbellorum
1491 511 1579 545 tribu
1609 513 1681 557 qui-

267 565 356 606 dam,
378 566 440 600 rati
460 566 552 613 posse
576 579 617 601 ex
637 566 710 614 ejus
729 566 966 614 redemptione
985 568 1177 614 pecuniolae
1196 569 1325 616 aliquid
1345 569 1489 609 corradi,
1509 570 1680 616 captivum

267 636 346 658 eum
360 623 487 665 sistunt,
507 625 635 660 causati
654 625 865 672 perduellem
884 632 918 661 et
937 626 1086 661 adversae
1104 627 1267 662 factionis
1285 639 1363 662 eum
1383 628 1460 670 effe,
1481 641 1556 668 nec,
1572 628 1681 675 depri-

269 690 369 718 cante
396 696 437 718 ac
464 684 580 719 omnia
611 690 737 732 agente
769 684 956 727 Gulielmo,
994 685 1175 721 demittere
1210 686 1401 728 voluerunt,
1440 687 1596 734 quamvis
1623 688 1681 721 sua

266 742 332 776 side
351 755 392 777 eo
411 743 545 785 venisse,
566 743 735 790 pertinere
754 743 786 778 id
807 743 850 778 ad
869 744 963 778 suam
982 744 1161 779 infamiam
1180 744 1330 785 diceret3
1349 746 1541 793 gravissime
1562 747 1680 792 itaque

266 800 355 835 hanc
381 801 439 835 fibi
469 802 709 848 indignitatem
737 802 869 837 factam
887 803 1013 842 ferens,
1036 803 1214 850 querelam
1241 803 1285 838 ad
1306 804 1519 839 Mortonium
1546 805 1678 846 defert3

265 871 329 894 nec
348 859 403 894 ille.
422 860 569 895 satisfieri
589 861 619 895 ei
639 861 781 901 curavit,
800 861 866 896 five
895 862 988 908 quod
1017 862 1111 909 parvi
1139 864 1306 898 momenti
1336 876 1406 898 rem
1434 863 1586 905 duceret,
1615 863 1680 898 five

266 919 358 966 quod
377 919 632 966 Jedburgenses
651 921 825 956 offendere
844 921 961 956 nollet.
1016 921 1139 968 Itaque
1160 921 1355 957 Gulielmus
1380 923 1485 957 iratus
1514 923 1680 969 privatam

266 978 349 1012 iram
369 978 482 1013 ulcisci
502 979 664 1019 statuens,
684 980 784 1014 variis
799 979 933 1014 damnis
946 992 1004 1014 eos
1019 980 1161 1028 affligit3
1179 980 1259 1016 huic
1274 981 1439 1028 gliscente
1455 990 1574 1016 mutuo
1590 981 1680 1022 odio,

266 1050 307 1071 eo
334 1037 474 1072 tandem
502 1045 653 1079 ventum,
673 1045 721 1078 ut,
741 1039 773 1073 in
797 1039 960 1074 conflictu
987 1039 1150 1086 quodam,
1171 1039 1325 1075 Joannes
1354 1040 1614 1082 Rethrofordus,
1637 1041 1683 1074 vir

266 1096 389 1131 doctus
407 1104 441 1131 et
461 1097 588 1144 alioqui
608 1097 747 1132 minime
766 1098 888 1137 malus,
907 1098 963 1132 sed
984 1098 1042 1145 qui
1064 1097 1229 1133 Gulielmi
1257 1105 1402 1134 matrem
1429 1099 1535 1147 gladii
1564 1112 1683 1134 manu-

265 1154 338 1189 brio
358 1155 500 1202 pulsasse
519 1156 708 1198 dicebatur,
730 1157 762 1191 in
783 1157 856 1203 ejus
876 1157 1096 1192 contumeliae
1114 1158 1314 1200 vindictam,
1336 1171 1403 1193 non
1429 1158 1473 1193 ab
1492 1159 1563 1206 ipso
1584 1158 1681 1193 Guli-

266 1214 366 1255 eltno,
396 1215 452 1249 sed
479 1214 522 1249 ab
552 1215 625 1261 ejus
656 1215 852 1255 comitibus,
879 1228 942 1250 nec
971 1223 1040 1250 tam
1060 1216 1200 1252 volente
1230 1229 1335 1264 quam
1366 1230 1433 1252 non
1462 1218 1681 1265 impediente,

266 1273 370 1307 caesus
390 1273 449 1308 est.
504 1274 583 1314 Qua
602 1273 644 1308 de
664 1275 777 1314 causa,
800 1274 870 1321 ipse
900 1275 932 1308 in
960 1275 1100 1309 exilium
1128 1276 1254 1322 pulsus,
1284 1276 1375 1311 bona
1407 1276 1592 1323 publicata,
1623 1290 1680 1311 arx

266 1332 487 1367 custodienda
508 1332 660 1367 hostibus
678 1332 771 1368 data.
827 1333 886 1368 llle
906 1334 938 1368 in
956 1334 1122 1381 Angliam
1142 1334 1186 1369 ad
1205 1334 1376 1370 Joannem
1394 1335 1570 1371 Heronem
1587 1336 1680 1377 abiit,

265 1396 301 1424 ut
320 1391 474 1438 proregis
493 1391 550 1426 irae
569 1391 718 1426 cederet.
774 1392 939 1427 Parentes
961 1392 1216 1428 VVedderburni
1236 1395 1481 1429 remanserunt.
1533 1394 1682 1442 Jamque

265 1450 403 1496 aliquod
431 1458 567 1497 tempus
594 1450 835 1493 intercesserat,
856 1459 1025 1498 quantum
1053 1453 1289 1487 exsaturandae
1317 1454 1374 1488 irae
1393 1454 1471 1489 satis
1490 1454 1679 1495 videbatur,

264 1521 342 1543 cum
363 1508 478 1543 David
497 1521 557 1556 pro
577 1516 703 1556 nepote
722 1516 756 1544 et
776 1510 887 1544 sorore
915 1511 1130 1545 intercedens
1159 1512 1353 1558 responsum
1372 1513 1459 1554 tulit,
1480 1513 1598 1547 datum
1618 1513 1682 1547 hoc

264 1580 382 1602 eorum
401 1568 660 1615 propinquitati,
680 1569 774 1616 quod
793 1581 852 1603 arx
871 1569 940 1603 solo
968 1576 1106 1617 aequata
1133 1582 1201 1604 non
1229 1570 1321 1612 esset,
1342 1571 1418 1618 plus
1445 1572 1588 1607 concedi
1614 1585 1682 1607 non

263 1626 365 1673 pofl‘e.
429 1627 504 1674 Ipsa
532 1633 647 1662 tamen
684 1640 797 1662 arcem
825 1628 1059 1675 negligentius
1089 1628 1305 1670 custoditam,
1335 1630 1594 1677 adjuvantibus,
1622 1633 1680 1678 qni

258 1685 360 1732 juxta
378 1692 487 1726 erant,
507 1686 646 1728 colonis,
668 1692 807 1734 captata
827 1699 869 1721 ex
888 1687 1130 1722 nonnullorum
1147 1688 1300 1723 absentia
1316 1689 1507 1729 occasione,
1524 1691 1681 1737 ingreffa,

262 1756 391 1790 paucos
409 1745 466 1791 qui
486 1745 576 1779 intus
595 1751 692 1780 erant
719 1746 810 1792 cepit
829 1758 869 1781 ac
887 1746 1078 1781 incolumes
1107 1746 1241 1789 dimisit,
1264 1760 1378 1783 arcem
1398 1749 1431 1783 in
1451 1749 1543 1783 suam
1572 1750 1682 1796 potes-

264 1809 369 1837 tatem
389 1803 534 1850 redegit,
553 1816 593 1838 ac
613 1804 729 1851 postea
749 1804 865 1851 quoad
884 1805 966 1840 vixit
984 1805 1136 1840 retinuit.
1190 1805 1339 1841 Ferebat
1358 1807 1390 1841 id
1407 1814 1438 1842 et
1456 1808 1590 1843 ridebat
1608 1821 1682 1855 pro-

265 1874 333 1901 rex,
355 1861 529 1897 Gulielmo
549 1862 630 1897 nihil
650 1862 783 1897 indulsit
799 1877 807 1905 3
828 1870 994 1910 querente
1012 1864 1151 1899 Davide
1170 1877 1311 1912 parvam
1328 1866 1422 1900 suam
1437 1867 1585 1913 gratiam
1601 1867 1678 1909 effe,

265 1921 413 1966 praeferri
428 1920 451 1954 fi
468 1920 693 1957 Retrofordos
708 1929 741 1957 et
758 1921 989 1964 Trumbellos,
1004 1935 1150 1970 quorum
1165 1924 1198 1958 hi
1213 1936 1342 1966 omnes,
1364 1925 1409 1960 illi
1429 1926 1563 1972 plurimi
1582 1927 1683 1961 latro—

265 1979 360 2013 ciniis
381 1980 526 2014 infames
545 1980 661 2015 essent.
715 1980 950 2016 Nihilominus
971 1981 1186 2017 Gulielmum
1206 1990 1241 2017 ut
1260 1984 1443 2031 plurimum
1462 1985 1553 2032 apud
1574 1986 1606 2020 se
1625 1986 1682 2020 ha-

265 2037 347 2078 buit,
384 2037 475 2072 haud
512 2039 681 2074 nesciente
710 2039 861 2086 quidem,
897 2039 955 2074 sed
985 2052 1049 2075 nec
1084 2041 1298 2077 concedente
1328 2042 1518 2083 Mortonio‚
1554 2057 1681 2092 nempe

265 2096 384 2129 horum
404 2108 544 2143 operam
563 2097 784 2133 necessariam
802 2098 862 2133 fibi
881 2106 1001 2134 contra
1019 2099 1222 2135 Farnihestii
1243 2107 1388 2137 conatus
1403 2102 1552 2142 rebatur,
1569 2109 1606 2147 ut*
1624 2104 1680 2150 qui

265 2155 297 2188 in
319 2154 479 2189 Teriotia
506 2155 536 2190 ei
555 2155 654 2190 vicini
673 2156 790 2197 effent,
820 2158 908 2192 adeo
928 2170 1005 2192 cum
1025 2171 1085 2193 eos
1112 2159 1285 2195 offendere
1313 2160 1431 2201 nollet,
1457 2161 1628 2196 difficilem
1648 2163 1680 2196 se

264 2213 423 2248 adversus
446 2214 574 2248 Carum
593 2215 748 2261 praebuit.
803 2215 894 2256 Quin
911 2224 945 2251 et
963 2229 1086 2264 parum
1105 2217 1226 2260 abfuit,
1248 2219 1329 2266 quin
1352 2219 1524 2255 Davidem
1544 2221 1576 2254 in
1597 2221 1680 2255 soci-

264 2277 394 2306 etatem
413 2284 491 2306 cum
519 2272 567 2307 eis
587 2274 797 2319 pertraxerit,
819 2274 958 2310 foederis
978 2276 1063 2322 regii
1084 2276 1207 2323 specie,
1230 2284 1314 2324 quot
1334 2278 1366 2312 in
1387 2278 1533 2318 Mercia,
1552 2292 1592 2312 ac
1614 2278 1681 2313 Te-

266 2331 368 2365 riotia
387 2331 556 2377 regiarum
576 2332 721 2378 partium
742 2341 850 2373 erant,
864 2333 958 2380 juffis
977 2334 1194 2378 subscribere,
1216 2348 1284 2383 quo
1304 2336 1420 2372 sancte
1436 2337 1681 2384 promittebant
