1922 2767
660 283 1169 320 WEDDERBURNENSI.
1572 288 1617 319 25

204 390 279 437 plus
306 389 458 436 periculi,
487 400 590 436 quem
621 388 654 423 se
684 386 834 435 posthaec
852 387 961 422 veniae
983 387 1202 422 crediturum.
1258 387 1375 435 Atque
1406 386 1489 429 haec,
1519 396 1618 434 prout

205 448 345 495 quisque
362 446 498 482 Humiis
517 446 658 488 amicus,
674 452 733 480 aut
747 446 859 481 minus
873 446 1031 481 inimicus
1050 445 1236 493 (moriente
1255 458 1332 481 cum
1345 446 1432 494 ipsis,
1449 452 1508 480 aut
1526 447 1619 481 versa

206 507 238 540 in
257 505 369 541 hostes
387 505 531 551 invidia)
551 517 691 552 gravem
710 504 824 539 casum
843 504 1078 543 miserabatur,
1093 510 1153 538 aut
1170 504 1254 539 facti
1270 505 1486 539 atrocitatem
1502 504 1620 539 exhor·

206 563 370 604 rescebat‚
388 564 421 598 in
450 575 631 611 proregem
650 563 750 598 variis
768 562 885 597 studiis
907 562 1142 609 jactabantur.
1198 563 1235 597 In
1257 562 1486 610 Hepburnum
1506 563 1621 598 Mora-

206 624 268 658 viae
286 623 482 671 episcopum
502 621 637 657 invidiae
655 622 763 656 moles
782 620 951 662 incubuit,
976 621 1071 656 illum
1090 627 1160 656 tam
1180 622 1304 657 atrocis
1321 622 1484 657 facinoris
1503 622 1621 657 aueto-

206 694 288 723 rem‚
308 681 484 729 depulsum
512 681 729 728 episcopatus
750 680 1037 727 Andreapolitani
1058 681 1126 727 spe,
1147 680 1279 727 privata
1296 680 1450 716 vindicta
1470 681 1622 716 animum

206 740 366 789 explesse,
384 740 473 775 hunc
492 740 559 774 suae
578 739 774 786 suspicionis
802 739 964 786 implesse,
990 739 1165 786 publicam
1187 752 1302 774 curam
1331 739 1511 774 ostentaffe
1539 739 1621 774 nihil

207 800 318 835 minus
340 799 518 846 cogitanti.
572 798 711 845 Quippe
738 797 948 845 frangendos
967 798 1111 845 spiritus,
1132 804 1166 833 et
1184 798 1369 833 indomitos
1389 798 1509 833 Humii
1539 799 1620 833 arni-

209 871 266 893 cos
284 859 373 892 ferro
392 856 610 904 superandos,
632 856 722 904 apud
743 868 923 904 proregem
944 856 1152 904 disputabat,
1173 861 1195 877 “
1210 857 1314 899 Quid,
1331 869 1372 892 eo
1388 857 1539 898 absente,
1553 870 1621 893 non

209 917 377 958 ausurum,
411 916 481 963 qui,
512 915 678 963 praesenti,
711 921 761 949 tot
792 915 958 950 tumultus
989 915 1190 951 excitasset?
1226 916 1324 963 cujus
1354 928 1421 951 non
1453 917 1622 964 spreturus

207 975 300 1016 ess'et,
321 975 378 1022 qui
397 974 498 1022 ipsius
516 975 618 1009 toties
646 974 816 1022 sprevisset
843 975 1112 1009 auctoritatem?
1141 974 1184 1009 ad
1202 974 1277 1011 haec
1301 987 1395 1022 opes,
1421 975 1619 1017 auctoritas,

208 1034 363 1081 potentia
383 1034 456 1080 ejus
474 1033 610 1075 aemula,
630 1033 745 1068 omnia
774 1033 817 1067 ad
847 1033 1007 1068 invidiam
1032 1033 1159 1075 aucta3
1189 1034 1340 1068 animum
1367 1034 1571 1081 inquietum,
1590 1040 1623 1069 et

209 1105 298 1140 pene
317 1105 461 1140 regumn
481 1093 675 1139 spirantem,
695 1092 803 1138 cujus,
823 1104 858 1126 re
886 1092 1056 1139 usurpata,
1077 1104 1202 1127 nomen
1231 1092 1338 1128 solum
1367 1092 1506 1134 deeffet,
1524 1106 1623 1129 occa-

209 1151 290 1186 fioni
310 1164 377 1185 non
397 1151 607 1186 defuturum.
663 1150 844 1198 Cogitaret
872 1163 941 1198 quo
962 1151 995 1186 in
1015 1151 1114 1193 statu,
1143 1151 1203 1186 sub
1228 1151 1387 1193 reditum,
1406 1164 1459 1187 res
1477 1153 1623 1200 reperire

211 1210 322 1253 vellet,
344 1217 375 1245 et
404 1222 445 1245 eo
473 1221 589 1244 curam
622 1209 820 1244 extenderet
838 1224 847 1252 3
878 1209 999 1244 frustra
1030 1209 1073 1244 de
1104 1222 1146 1245 eo
1176 1210 1209 1245 in
1231 1210 1348 1246 Gallia
1379 1208 1621 1259 cogitaturum,

210 1269 331 1303 frustra
350 1281 426 1303 cum
446 1268 502 1303 ille
520 1268 658 1314 fastigia
676 1280 787 1302 rerum
806 1280 866 1316 per
884 1269 928 1308 se,
948 1274 1007 1303 aut
1022 1269 1126 1304 alium
1145 1269 1362 1317 occupaffet3
1380 1282 1472 1306 nunc
1486 1271 1622 1306 obviarn

211 1327 373 1367 eundum,
392 1339 460 1361 non
480 1327 562 1368 sero,
583 1333 617 1361 et
644 1326 835 1374 longinquo
862 1327 1038 1370 auxilio;’'
1067 1327 1130 1370 his,
1152 1334 1211 1363 aut
1239 1328 1290 1363 his
1316 1340 1384 1363 non
1413 1328 1624 1365 diffimilibus

211 1398 340 1434 aegrum
359 1398 419 1433 per
437 1386 471 1420 se
490 1386 640 1420 animum
659 1385 826 1432 impulisse
848 1385 997 1421 creditur
1015 1386 1058 1421 ad
1079 1386 1287 1421 Humiorum
1312 1387 1464 1423 exitium.
1520 1388 1624 1424 Certe

211 1451 247 1480 ut
265 1451 337 1479 erat
356 1445 404 1479 vir
422 1444 576 1486 callidus,
597 1456 656 1491 per
674 1444 822 1491 speciem
841 1445 1048 1487 consulendi,
1065 1450 1231 1492 tanquam
1249 1446 1349 1493 patrii
1363 1446 1466 1482 moris
1484 1459 1622 1494 gnarus,

210 1505 243 1539 se
262 1504 295 1538 in
314 1504 468 1551 proregis
486 1503 753 1538 familiaritatem
779 1503 866 1538 adeo
893 1503 1131 1544 insinuaverat,
1150 1510 1188 1539 ut
1211 1517 1299 1551 pene
1318 1505 1377 1540 soli
1395 1506 1526 1549 fideret,
1547 1519 1624 1541 cum

210 1563 280 1598 solo
309 1563 352 1597 de
380 1562 482 1597 rebus
511 1562 668 1596 maximis
697 1562 870 1598 sermones
896 1563 1078 1598 conferret.
1133 1563 1165 1598 Is
1186 1563 1315 1598 Humio
1342 1564 1511 1607 inimicus,
1531 1565 1625 1613 quod

212 1623 291 1657 sane
311 1620 596 1668 Andreapolitani
624 1621 851 1668 episcopatus,
872 1621 904 1656 in
924 1634 1027 1669 quem
1050 1622 1105 1657 ille
1124 1623 1155 1657 vi
1174 1622 1352 1663 invaserat,
1372 1623 1524 1671 diploma
1544 1624 1625 1659 For-

211 1693 337 1716 manno
356 1680 475 1714 datum
494 1692 514 1714 a
532 1680 693 1727 pontifice
707 1679 876 1722 Romano,
891 1680 984 1727 quod
1003 1686 1085 1716 tunc
1103 1681 1177 1728 ejus
1192 1687 1274 1723 erat,
1291 1682 1510 1730 promulgare
1525 1684 1625 1718 ausus

214 1739 348 1780 fuiss'et3
367 1738 471 1786 idque
489 1739 620 1786 optima
637 1739 781 1779 ratione,
801 1751 878 1773 curn
906 1745 940 1774 et
960 1739 1207 1775 Formanorum
1229 1741 1360 1776 familia
1387 1742 1575 1789 antiquitus
1594 1743 1627 1777 in

216 1798 334 1833 Humii
354 1798 513 1833 clientela
532 1797 655 1838 fuifl'et,
674 1803 708 1832 et
726 1798 854 1832 recenti
870 1798 1037 1833 beneficio
1056 1799 1087 1833 ei
1106 1799 1287 1835 devinctus
1303 1799 1502 1835 Alexander
1523 1800 1627 1836 Cold-

215 1857 398 1905 inghamiae
416 1856 612 1892 coenobium
636 1856 731 1891 fratri
752 1856 878 1892 Davidi
910 1857 1103 1904 accepifl'et.
1156 1857 1203 1893 Et
1230 1870 1283 1894 res
1309 1858 1391 1894 esset.
1417 1859 1559 1895 honesta
1586 1873 1627 1895 ac

216 1915 411 1962 aeqfflffima,
430 1922 546 1950 tamen
572 1916 712 1950 immani
731 1916 887 1963 superbia
912 1917 971 1956 vir,
999 1917 1052 1951 fas
1078 1917 1253 1964 nefasque,
1274 1918 1367 1965 quod
1394 1918 1468 1965 ejus
1494 1918 1626 1954 libidini

216 1974 458 2014 adversaretur,
472 1974 572 2021 juxta
585 1973 727 2017 habens,
743 1975 883 2010 exitium
899 1975 942 2015 ei,
954 1975 1020 2010 hac
1034 1976 1183 2011 maxime
1198 1976 1319 2012 fraude
1334 1977 1426 2024 apud
1445 1989 1626 2025 proregem

215 2031 429 2067 machinatus
448 2033 507 2067 est.
560 2033 613 2068 Ita
630 2033 737 2068 fertur
756 2039 790 2068 et
807 2034 910 2068 fuerit
929 2034 1090 2081 quidem:
1118 2035 1255 2071 suaserit
1277 2035 1311 2071 id
1331 2035 1513 2084 Hepburni
1531 2037 1626 2072 mali—

214 2092 272 2133 tia,
292 2091 385 2138 quod
404 2091 563 2138 persuafit
582 2105 601 2127 a
620 2093 773 2140 proregis
792 2092 906 2128 indole
925 2093 1011 2135 fuit3
1032 2093 1106 2128 haec
1124 2094 1198 2141 ejus
1216 2094 1408 2142 prudentia,
1425 2095 1520 2137 fides,
1540 2097 1623 2131 inte-

214 2150 320 2197 gritas
339 2155 373 2184 et
391 2150 590 2196 gratitudo,
609 2150 683 2186 haec
701 2151 743 2193 ei,
764 2152 821 2198 qui
841 2152 948 2199 ipsum
967 2152 1010 2187 ab
1030 2152 1131 2188 exilio
1158 2153 1349 2196 reduxerat,
1371 2166 1413 2189 ex
1441 2154 1551 2197 exule,
1572 2167 1626 2189 co-

215 2209 344 2248 mitem,
363 2207 498 2250 ducem,
518 2209 705 2257 principem
724 2211 863 2253 fecerat,
881 2210 924 2245 ad
940 2211 1034 2258 regni
1050 2211 1204 2247 habenas
1219 2212 1430 2254 admoverat,
1445 2225 1508 2248 nec
1522 2213 1625 2260 longe

214 2278 236 2302 a
254 2267 350 2315 regni
369 2267 438 2314 spe,
458 2267 605 2302 secundo
623 2274 715 2303 certe
733 2269 820 2311 loco,
838 2269 1077 2312 collocaverat,
1094 2270 1202 2306 relata
1215 2271 1338 2318 gratia.
1386 2271 1623 2313 Calumniarit,

217 2326 298 2368 esto,
322 2325 568 2373 Hepburnius;
595 2326 772 2363 calumniis
800 2328 936 2363 facilem
966 2329 998 2363 se
1027 2328 1171 2375 praebuit
1202 2329 1359 2372 Albinus,
1389 2342 1565 2377 nunquam
1592 2330 1625 2365 id

1433 2401 1456 2423 D
