1922 2767
417 736 486 776 AD
511 735 753 778 DAVIDEM
782 738 1005 781 HUMIUM
1030 739 1524 790 WEDDERBURNIUM‚

702 954 765 989 EX
789 955 981 991 FRATRE
1004 956 1238 992 NEPOTEM.

263 1167 474 1201 Posmunus
494 1165 555 1200 tibi
575 1170 654 1199 ante
673 1164 792 1199 oculos
806 1164 974 1211 majorum
993 1170 1129 1200 tuorum
1144 1166 1324 1214 imagines,
1339 1179 1408 1202 non
1424 1180 1554 1209 vereor,
1569 1181 1675 1216 quan-

259 1247 363 1283 quam
382 1240 416 1269 et
433 1246 563 1273 vereor,
583 1246 625 1268 ne
644 1239 703 1268 aut
721 1233 894 1280 ingratum
913 1233 979 1269 hoc
997 1234 1159 1281 cuiquam
1175 1235 1287 1279 fuerit,
1309 1242 1368 1271 aut
1386 1249 1507 1284 parum
1526 1237 1674 1273 necessa-

259 1303 344 1337 rium
364 1303 530 1342 videatur,
550 1309 608 1337 aut
626 1315 694 1337 non
715 1308 785 1336 tam
804 1302 966 1337 decorum
991 1302 1170 1346 habeatur,
1192 1304 1275 1339 mihi
1294 1306 1490 1352 praesertim,
1512 1319 1616 1354 quem
1635 1320 1677 1342 ea

257 1385 309 1407 res
327 1372 449 1407 eodem
469 1372 572 1407 modo
591 1372 739 1418 attingit,
757 1372 815 1406 seu
833 1371 908 1406 laus
927 1371 970 1406 ab
986 1372 1025 1406 iis
1043 1373 1233 1419 proveniat,
1250 1374 1308 1409 seu
1327 1375 1500 1422 probrum.
1558 1376 1610 1411 Sit
1627 1376 1675 1411 in-

256 1442 325 1488 epti
344 1441 457 1476 saeculi
476 1454 518 1476 ea
537 1441 698 1476 securitas
718 1446 754 1475 ut
772 1453 837 1475 nec
856 1441 962 1475 sciant
981 1441 1073 1476 unde
1102 1443 1263 1490 prognati
1281 1443 1354 1486 fint,
1375 1457 1439 1479 nec
1468 1451 1610 1488 curent;
1638 1451 1675 1480 ut

254 1510 380 1557 quibus
399 1510 461 1545 stet
480 1522 544 1545 nec
564 1510 705 1545 virtutes
723 1510 859 1552 imitari,
879 1522 944 1545 nec
963 1511 1045 1545 vitia
1071 1511 1206 1558 fugere.
1260 1512 1308 1546 At
1326 1513 1384 1559 qui
1412 1513 1553 1549 meliore
1571 1515 1674 1562 genio

254 1580 337 1620 nati,
351 1579 432 1614 illud
452 1579 494 1614 de
510 1580 542 1614 se
559 1579 591 1614 in
608 1579 745 1626 speculo
761 1579 1036 1626 contemplandis
1051 1586 1210 1627 reputent
1226 1580 1372 1624 charius,
1389 1588 1547 1630 repetant
1561 1584 1671 1626 altius,

254 1655 289 1683 ut
308 1650 453 1683 formam
473 1649 566 1683 suam
586 1647 765 1682 honestam
783 1648 933 1683 honestis
952 1648 1115 1684 decorare
1135 1649 1287 1685 moribus
1301 1650 1473 1691 studeant,
1487 1652 1600 1688 minus
1614 1653 1673 1688 ho-

253 1718 382 1754 nestam
402 1719 648 1765 compensare;
676 1724 710 1752 et
729 1723 843 1764 patres
871 1718 994 1753 nostrae
1020 1719 1141 1753 formae
1167 1731 1246 1766 pars
1264 1731 1332 1754 non
1360 1732 1475 1767 parva,
1496 1734 1565 1769 qua
1591 1723 1672 1758 clari

253 1788 480 1835 gaudeamus,
500 1787 698 1834 gestiamus,
726 1787 909 1829 imitemur,
937 1800 1007 1834 qua
1029 1788 1207 1824 indecores
1234 1796 1392 1836 peccant,
1412 1790 1603 1832 doleamus,
1622 1793 1671 1827 fa-

252 1864 395 1899 teamur,
417 1857 603 1904 fugiamus.
658 1856 745 1891 Haec
763 1856 845 1891 mihi
864 1868 972 1897 mens,
998 1869 1103 1904 quam
1122 1863 1156 1892 et
1175 1857 1235 1893 tibi
1255 1859 1472 1895 commendo.
1527 1860 1670 1896 Videbis

254 1925 345 1960 haud
364 1925 552 1967 indecores,
570 1932 604 1960 et
619 1925 754 1973 magnis
774 1925 955 1960 virtutibus
968 1926 1090 1966 claros,
1105 1938 1170 1961 nec
1189 1939 1208 1961 a
1227 1928 1513 1964 mansuetioribus
1528 1929 1668 1972 alienos,

255 2006 398 2041 quorum
417 1994 544 2029 nullam
560 1995 761 2042 progeniem
776 1994 953 2042 peniteat3
974 1995 1221 2039 fortitudinem,
1238 1998 1571 2045 magnanimitatem,
1587 2012 1670 2048 prae-

253 2063 352 2110 cipue
373 2075 485 2097 rarum
503 2064 622 2110 patriae
642 2076 807 2106 amorem,
829 2069 863 2098 et
882 2076 960 2111 quae
979 2070 1053 2099 tum
1071 2071 1143 2100 erat
1162 2065 1327 2113 pietatem
1343 2080 1352 2107 ;
1371 2067 1503 2103 clientis
1521 2081 1669 2117 propug—

253 2138 376 2166 nantes
395 2137 428 2166 et
447 2132 575 2174 amicis,
597 2145 637 2167 ac
653 2133 815 2180 principis
832 2133 972 2169 familiae
994 2134 1109 2176 decus,
1131 2134 1306 2177 honorem,
1328 2136 1600 2185 con[servantes]
1622 2139 1669 2173 se-

253 2200 344 2241 dulo,
366 2207 399 2234 et
419 2200 503 2234 serio
523 2207 757 2247 procurantes.
808 2201 873 2236 His
892 2202 1034 2250 aliisque
1053 2203 1152 2238 bonis
1171 2203 1311 2246 artibus,
1336 2205 1393 2252 qui
1413 2212 1447 2240 et
1465 2205 1587 2253 vit[am
1602 2207 1666 2255 di-]

255 2268 374 2304 rexiss'e
393 2274 508 2316 neget,
529 2268 555 2304 is
570 2268 725 2305 homines
740 2270 888 2317 majores
902 2271 979 2307 suos
993 2278 1109 2319 neget.
1148 2273 1195 2307 At
1213 2273 1352 2320 propius
1366 2280 1481 2310 tamen
1497 2274 1671 2322 [vi]denti‚
