<?xml version="1.0" encoding="UTF-8"?>
<!DOCTYPE html PUBLIC "-//W3C//DTD XHTML 1.0 Transitional//EN"
    "http://www.w3.org/TR/xhtml1/DTD/xhtml1-transitional.dtd">
<html xmlns="http://www.w3.org/1999/xhtml" xml:lang="en" lang="en">
 <head>
  <title>
</title>
<meta http-equiv="Content-Type" content="text/html;charset=utf-8" />
  <meta name='ocr-system' content='tesseract 3.04.00' />
  <meta name='ocr-capabilities' content='ocr_page ocr_carea ocr_par ocr_line ocrx_word'/>
</head>
<body>
  <div class='ocr_page' id='page_1' title='image "./davidishumiidefa00abbo_0028.png"; bbox 0 0 1922 2767; ppageno 0'>
   <div class='ocr_carea' id='block_1_1' title="bbox 251 271 1216 310">
    <p class='ocr_par' dir='ltr' id='par_1_1' title="bbox 251 271 1216 310">
     <span class='ocr_line' id='line_1_1' title="bbox 251 271 1216 310; baseline -0.004 0"><span class='ocrx_word' id='word_1_1' title='bbox 251 275 273 310; x_wconf 90' lang='lat'><strong>6</strong></span> <span class='ocrx_word' id='word_1_2' title='bbox 696 272 764 307; x_wconf 89' lang='lat' dir='ltr'>DE</span> <span class='ocrx_word' id='word_1_3' title='bbox 794 271 1013 307; x_wconf 89' lang='lat' dir='ltr'><strong>FAMILIA</strong></span> <span class='ocrx_word' id='word_1_4' title='bbox 1043 271 1216 307; x_wconf 89' lang='lat' dir='ltr'>HUMIA</span> 
     </span>
    </p>
   </div>
   <div class='ocr_carea' id='block_1_2' title="bbox 257 373 1677 2295">
    <p class='ocr_par' dir='ltr' id='par_1_2' title="bbox 257 373 1674 1535">
     <span class='ocr_line' id='line_1_2' title="bbox 257 373 1663 424; baseline -0.004 -11"><span class='ocrx_word' id='word_1_5' title='bbox 257 383 291 413; x_wconf 86' lang='lat' dir='ltr'>et</span> <span class='ocrx_word' id='word_1_6' title='bbox 305 377 501 412; x_wconf 81' lang='lat' dir='ltr'>solitudines</span> <span class='ocrx_word' id='word_1_7' title='bbox 516 375 690 424; x_wconf 79' lang='lat' dir='ltr'>[latuiffe,]</span> <span class='ocrx_word' id='word_1_8' title='bbox 706 375 844 423; x_wconf 90' lang='lat' dir='ltr'>duoque</span> <span class='ocrx_word' id='word_1_9' title='bbox 856 375 1008 410; x_wconf 71' lang='lat' dir='ltr'>habuisse</span> <span class='ocrx_word' id='word_1_10' title='bbox 1023 374 1185 423; x_wconf 86' lang='lat' dir='ltr'>praefidia,</span> <span class='ocrx_word' id='word_1_11' title='bbox 1200 374 1324 422; x_wconf 84' lang='lat' dir='ltr'>quibus</span> <span class='ocrx_word' id='word_1_12' title='bbox 1338 373 1480 410; x_wconf 84' lang='lat' dir='ltr'>Marciae</span> <span class='ocrx_word' id='word_1_13' title='bbox 1492 374 1663 415; x_wconf 85' lang='lat' dir='ltr'>comitem,</span> 
     </span>
     <span class='ocr_line' id='line_1_3' title="bbox 257 432 1663 484; baseline -0.003 -13"><span class='ocrx_word' id='word_1_14' title='bbox 257 435 316 483; x_wconf 89' lang='lat' dir='ltr'>qui</span> <span class='ocrx_word' id='word_1_15' title='bbox 334 436 373 471; x_wconf 84' lang='lat' dir='ltr'>iis</span> <span class='ocrx_word' id='word_1_16' title='bbox 387 435 584 484; x_wconf 85' lang='lat' dir='ltr'>regionibus</span> <span class='ocrx_word' id='word_1_17' title='bbox 602 434 830 482; x_wconf 80' lang='lat' dir='ltr'>imperitabat,</span> <span class='ocrx_word' id='word_1_18' title='bbox 850 434 1025 477; x_wconf 80' lang='lat' dir='ltr'>exercuit3</span> <span class='ocrx_word' id='word_1_19' title='bbox 1046 434 1190 468; x_wconf 76' lang='lat' dir='ltr'>alterurn</span> <span class='ocrx_word' id='word_1_20' title='bbox 1208 433 1241 468; x_wconf 88' lang='lat' dir='ltr'>iu</span> <span class='ocrx_word' id='word_1_21' title='bbox 1261 433 1388 468; x_wconf 87' lang='lat' dir='ltr'>vertice</span> <span class='ocrx_word' id='word_1_22' title='bbox 1408 432 1546 468; x_wconf 83' lang='lat' dir='ltr'>Humiae</span> <span class='ocrx_word' id='word_1_23' title='bbox 1561 433 1663 480; x_wconf 78' lang='lat' dir='ltr'>rupis,</span> 
     </span>
     <span class='ocr_line' id='line_1_4' title="bbox 258 491 1665 540; baseline -0.002 -11"><span class='ocrx_word' id='word_1_24' title='bbox 258 494 401 529; x_wconf 89' lang='lat' dir='ltr'>alterum</span> <span class='ocrx_word' id='word_1_25' title='bbox 415 507 456 529; x_wconf 89' lang='lat'>111</span> <span class='ocrx_word' id='word_1_26' title='bbox 466 499 524 529; x_wconf 87' lang='lat' dir='ltr'>aut</span> <span class='ocrx_word' id='word_1_27' title='bbox 537 506 572 528; x_wconf 91' lang='lat' dir='ltr'>1v</span> <span class='ocrx_word' id='word_1_28' title='bbox 584 493 732 528; x_wconf 80' lang='lat' dir='ltr'>millibus</span> <span class='ocrx_word' id='word_1_29' title='bbox 745 493 897 540; x_wconf 78' lang='lat' dir='ltr'>passuum</span> <span class='ocrx_word' id='word_1_30' title='bbox 914 491 1166 540; x_wconf 70' lang='lat' dir='ltr'>[disjuno&#39;tum,]</span> <span class='ocrx_word' id='word_1_31' title='bbox 1177 492 1299 539; x_wconf 85' lang='lat' dir='ltr'>triplici</span> <span class='ocrx_word' id='word_1_32' title='bbox 1312 492 1400 526; x_wconf 86' lang='lat' dir='ltr'>vallo</span> <span class='ocrx_word' id='word_1_33' title='bbox 1413 498 1447 527; x_wconf 85' lang='lat' dir='ltr'>et</span> <span class='ocrx_word' id='word_1_34' title='bbox 1461 491 1544 526; x_wconf 77' lang='lat' dir='ltr'>fosso</span> <span class='ocrx_word' id='word_1_35' title='bbox 1557 492 1665 526; x_wconf 86' lang='lat' dir='ltr'>muni-</span> 
     </span>
     <span class='ocr_line' id='line_1_5' title="bbox 257 550 1664 600; baseline -0.003 -12"><span class='ocrx_word' id='word_1_36' title='bbox 257 559 340 594; x_wconf 85' lang='lat' dir='ltr'>tum,</span> <span class='ocrx_word' id='word_1_37' title='bbox 353 553 445 600; x_wconf 93' lang='lat' dir='ltr'>quod</span> <span class='ocrx_word' id='word_1_38' title='bbox 458 552 569 587; x_wconf 83' lang='lat' dir='ltr'>adhuc</span> <span class='ocrx_word' id='word_1_39' title='bbox 588 551 631 587; x_wconf 91' lang='lat' dir='ltr'>ab</span> <span class='ocrx_word' id='word_1_40' title='bbox 644 564 685 587; x_wconf 87' lang='lat' dir='ltr'>eo</span> <span class='ocrx_word' id='word_1_41' title='bbox 699 557 840 586; x_wconf 88' lang='lat' dir='ltr'>vocatur</span> <span class='ocrx_word' id='word_1_42' title='bbox 860 551 1091 598; x_wconf 89' lang='lat' dir='ltr'>Philipstaine.</span> <span class='ocrx_word' id='word_1_43' title='bbox 1129 550 1232 584; x_wconf 83' lang='lat' dir='ltr'>Hunc</span> <span class='ocrx_word' id='word_1_44' title='bbox 1250 550 1462 585; x_wconf 89' lang='lat' dir='ltr'>Gulielmum</span> <span class='ocrx_word' id='word_1_45' title='bbox 1481 550 1615 585; x_wconf 80' lang='lat' dir='ltr'>comitis</span> <span class='ocrx_word' id='word_1_46' title='bbox 1629 550 1664 583; x_wconf 88' lang='lat' dir='ltr'>fi-</span> 
     </span>
     <span class='ocr_line' id='line_1_6' title="bbox 257 607 1667 656; baseline -0.004 -10"><span class='ocrx_word' id='word_1_47' title='bbox 257 611 339 645; x_wconf 92' lang='lat' dir='ltr'>lium</span> <span class='ocrx_word' id='word_1_48' title='bbox 365 612 453 646; x_wconf 87' lang='lat' dir='ltr'>forte</span> <span class='ocrx_word' id='word_1_49' title='bbox 471 610 608 645; x_wconf 83' lang='lat' dir='ltr'>obvium</span> <span class='ocrx_word' id='word_1_50' title='bbox 632 609 800 649; x_wconf 85' lang='lat' dir='ltr'>oecidiffe,</span> <span class='ocrx_word' id='word_1_51' title='bbox 820 615 993 656; x_wconf 78' lang='lat' dir='ltr'>caputque</span> <span class='ocrx_word' id='word_1_52' title='bbox 1011 609 1135 644; x_wconf 85' lang='lat' dir='ltr'>mortui</span> <span class='ocrx_word' id='word_1_53' title='bbox 1154 608 1280 643; x_wconf 80' lang='lat' dir='ltr'>dedifl&#39;e</span> <span class='ocrx_word' id='word_1_54' title='bbox 1298 608 1396 655; x_wconf 85' lang='lat' dir='ltr'>patri,</span> <span class='ocrx_word' id='word_1_55' title='bbox 1416 620 1604 655; x_wconf 74' lang='lat' dir='ltr'>regemque</span> <span class='ocrx_word' id='word_1_56' title='bbox 1623 607 1667 641; x_wconf 87' lang='lat' dir='ltr'>ob</span> 
     </span>
     <span class='ocr_line' id='line_1_7' title="bbox 259 667 1667 716; baseline -0.004 -11"><span class='ocrx_word' id='word_1_57' title='bbox 259 670 293 704; x_wconf 93' lang='lat' dir='ltr'>id</span> <span class='ocrx_word' id='word_1_58' title='bbox 306 670 440 705; x_wconf 86' lang='lat' dir='ltr'>facinus</span> <span class='ocrx_word' id='word_1_59' title='bbox 456 669 621 704; x_wconf 88' lang='lat' dir='ltr'>Humiam</span> <span class='ocrx_word' id='word_1_60' title='bbox 640 669 808 716; x_wconf 82' lang='lat' dir='ltr'>agrosque</span> <span class='ocrx_word' id='word_1_61' title='bbox 826 667 999 715; x_wconf 66' lang='lat' dir='ltr'>subje&amp;os</span> <span class='ocrx_word' id='word_1_62' title='bbox 1017 667 1158 707; x_wconf 77' lang='lat' dir='ltr'>dedisse,</span> <span class='ocrx_word' id='word_1_63' title='bbox 1178 667 1339 714; x_wconf 84' lang='lat' dir='ltr'>illincque</span> <span class='ocrx_word' id='word_1_64' title='bbox 1359 673 1468 701; x_wconf 87' lang='lat' dir='ltr'>ortam</span> <span class='ocrx_word' id='word_1_65' title='bbox 1488 673 1522 701; x_wconf 87' lang='lat' dir='ltr'>et</span> <span class='ocrx_word' id='word_1_66' title='bbox 1546 678 1667 714; x_wconf 90' lang='lat' dir='ltr'>propa-</span> 
     </span>
     <span class='ocr_line' id='line_1_8' title="bbox 259 723 1666 776; baseline -0.004 -12"><span class='ocrx_word' id='word_1_67' title='bbox 259 735 378 776; x_wconf 88' lang='lat' dir='ltr'>gatam</span> <span class='ocrx_word' id='word_1_68' title='bbox 398 727 603 763; x_wconf 83' lang='lat' dir='ltr'>Humiorum</span> <span class='ocrx_word' id='word_1_69' title='bbox 623 732 774 774; x_wconf 85' lang='lat' dir='ltr'>gentem,</span> <span class='ocrx_word' id='word_1_70' title='bbox 794 726 943 773; x_wconf 87' lang='lat' dir='ltr'>indeque</span> <span class='ocrx_word' id='word_1_71' title='bbox 962 738 1086 761; x_wconf 91' lang='lat' dir='ltr'>nomen</span> <span class='ocrx_word' id='word_1_72' title='bbox 1101 726 1245 767; x_wconf 75' lang='lat' dir='ltr'>traxisse,</span> <span class='ocrx_word' id='word_1_73' title='bbox 1262 726 1331 761; x_wconf 88' lang='lat' dir='ltr'>sese</span> <span class='ocrx_word' id='word_1_74' title='bbox 1346 725 1389 760; x_wconf 91' lang='lat' dir='ltr'>de</span> <span class='ocrx_word' id='word_1_75' title='bbox 1406 725 1536 760; x_wconf 87' lang='lat' dir='ltr'>Humia</span> <span class='ocrx_word' id='word_1_76' title='bbox 1551 723 1666 772; x_wconf 87' lang='lat' dir='ltr'>appel-</span> 
     </span>
     <span class='ocr_line' id='line_1_9' title="bbox 259 783 1669 831; baseline -0.003 -9"><span class='ocrx_word' id='word_1_77' title='bbox 259 787 380 822; x_wconf 84' lang='lat' dir='ltr'>lantes.</span> <span class='ocrx_word' id='word_1_78' title='bbox 426 786 464 821; x_wconf 91' lang='lat' dir='ltr'>In</span> <span class='ocrx_word' id='word_1_79' title='bbox 484 787 623 826; x_wconf 86' lang='lat' dir='ltr'>incerto,</span> <span class='ocrx_word' id='word_1_80' title='bbox 643 792 679 820; x_wconf 91' lang='lat' dir='ltr'>ut</span> <span class='ocrx_word' id='word_1_81' title='bbox 694 786 769 820; x_wconf 88' lang='lat' dir='ltr'>sunt</span> <span class='ocrx_word' id='word_1_82' title='bbox 786 785 857 819; x_wconf 87' lang='lat' dir='ltr'>sere</span> <span class='ocrx_word' id='word_1_83' title='bbox 876 785 991 819; x_wconf 90' lang='lat' dir='ltr'>omnia</span> <span class='ocrx_word' id='word_1_84' title='bbox 1010 785 1190 831; x_wconf 86' lang='lat' dir='ltr'>originum,</span> <span class='ocrx_word' id='word_1_85' title='bbox 1208 785 1375 831; x_wconf 86' lang='lat' dir='ltr'>relinquo.</span> <span class='ocrx_word' id='word_1_86' title='bbox 1429 784 1517 819; x_wconf 89' lang='lat' dir='ltr'>Illud</span> <span class='ocrx_word' id='word_1_87' title='bbox 1546 783 1669 818; x_wconf 83' lang='lat' dir='ltr'>mirare</span> 
     </span>
     <span class='ocr_line' id='line_1_10' title="bbox 260 842 1668 891; baseline -0.003 -11"><span class='ocrx_word' id='word_1_88' title='bbox 260 846 359 885; x_wconf 87' lang='lat' dir='ltr'>subit,</span> <span class='ocrx_word' id='word_1_89' title='bbox 377 846 517 880; x_wconf 85' lang='lat' dir='ltr'>florente</span> <span class='ocrx_word' id='word_1_90' title='bbox 536 844 648 891; x_wconf 82' lang='lat' dir='ltr'>plures</span> <span class='ocrx_word' id='word_1_91' title='bbox 667 843 739 890; x_wconf 89' lang='lat' dir='ltr'>post</span> <span class='ocrx_word' id='word_1_92' title='bbox 759 855 866 877; x_wconf 80' lang='lat' dir='ltr'>annos</span> <span class='ocrx_word' id='word_1_93' title='bbox 886 843 1145 878; x_wconf 83' lang='lat' dir='ltr'>Dumbarorum</span> <span class='ocrx_word' id='word_1_94' title='bbox 1177 842 1349 890; x_wconf 84' lang='lat' dir='ltr'>[nom]ine</span> <span class='ocrx_word' id='word_1_95' title='bbox 1368 848 1402 877; x_wconf 89' lang='lat' dir='ltr'>et</span> <span class='ocrx_word' id='word_1_96' title='bbox 1421 843 1554 877; x_wconf 79' lang='lat' dir='ltr'>comitis</span> <span class='ocrx_word' id='word_1_97' title='bbox 1575 842 1668 876; x_wconf 87' lang='lat' dir='ltr'>Mar-</span> 
     </span>
     <span class='ocr_line' id='line_1_11' title="bbox 261 900 1670 950; baseline -0.003 -11"><span class='ocrx_word' id='word_1_98' title='bbox 261 905 322 939; x_wconf 81' lang='lat' dir='ltr'>eiae</span> <span class='ocrx_word' id='word_1_99' title='bbox 334 904 474 943; x_wconf 87' lang='lat' dir='ltr'>familia,</span> <span class='ocrx_word' id='word_1_100' title='bbox 487 903 544 950; x_wconf 92' lang='lat' dir='ltr'>qui</span> <span class='ocrx_word' id='word_1_101' title='bbox 559 903 691 937; x_wconf 61' lang='lat' dir='ltr'>saelum</span> <span class='ocrx_word' id='word_1_102' title='bbox 703 910 740 937; x_wconf 88' lang='lat' dir='ltr'>ut</span> <span class='ocrx_word' id='word_1_103' title='bbox 751 901 810 948; x_wconf 86' lang='lat' dir='ltr'>ipfi</span> <span class='ocrx_word' id='word_1_104' title='bbox 823 902 914 936; x_wconf 89' lang='lat' dir='ltr'>aliud</span> <span class='ocrx_word' id='word_1_105' title='bbox 927 901 985 936; x_wconf 89' lang='lat' dir='ltr'>fibi</span> <span class='ocrx_word' id='word_1_106' title='bbox 998 913 1132 943; x_wconf 88' lang='lat' dir='ltr'>nomen,</span> <span class='ocrx_word' id='word_1_107' title='bbox 1150 901 1229 936; x_wconf 77' lang='lat' dir='ltr'>lic-et</span> <span class='ocrx_word' id='word_1_108' title='bbox 1248 901 1351 949; x_wconf 85' lang='lat' dir='ltr'>vulgo</span> <span class='ocrx_word' id='word_1_109' title='bbox 1364 900 1567 948; x_wconf 84' lang='lat' dir='ltr'>impositum,</span> <span class='ocrx_word' id='word_1_110' title='bbox 1580 901 1670 935; x_wconf 88' lang='lat' dir='ltr'>usur-</span> 
     </span>
     <span class='ocr_line' id='line_1_12' title="bbox 261 959 1668 1009; baseline -0.004 -12"><span class='ocrx_word' id='word_1_111' title='bbox 261 968 392 1009; x_wconf 80' lang='lat' dir='ltr'>parent.</span> <span class='ocrx_word' id='word_1_112' title='bbox 421 961 563 996; x_wconf 86' lang='lat' dir='ltr'>Constat</span> <span class='ocrx_word' id='word_1_113' title='bbox 577 961 666 995; x_wconf 88' lang='lat' dir='ltr'>enim</span> <span class='ocrx_word' id='word_1_114' title='bbox 679 972 746 994; x_wconf 85' lang='lat' dir='ltr'>non</span> <span class='ocrx_word' id='word_1_115' title='bbox 762 966 842 994; x_wconf 85' lang='lat' dir='ltr'>ante</span> <span class='ocrx_word' id='word_1_116' title='bbox 854 971 981 993; x_wconf 88' lang='lat' dir='ltr'>annum</span> <span class='ocrx_word' id='word_1_117' title='bbox 994 971 1239 1001; x_wconf 71' lang='lat' dir='ltr'>MCCCCXXXIV,</span> <span class='ocrx_word' id='word_1_118' title='bbox 1254 959 1377 994; x_wconf 86' lang='lat' dir='ltr'>Jacobi</span> <span class='ocrx_word' id='word_1_119' title='bbox 1392 959 1489 1006; x_wconf 90' lang='lat' dir='ltr'>primi</span> <span class='ocrx_word' id='word_1_120' title='bbox 1505 965 1668 1005; x_wconf 86' lang='lat' dir='ltr'>tempore,</span> 
     </span>
     <span class='ocr_line' id='line_1_13' title="bbox 264 1017 1671 1068; baseline -0.004 -12"><span class='ocrx_word' id='word_1_121' title='bbox 264 1021 454 1068; x_wconf 87' lang='lat' dir='ltr'>Georgium</span> <span class='ocrx_word' id='word_1_122' title='bbox 470 1019 685 1055; x_wconf 87' lang='lat' dir='ltr'>Dumbarum</span> <span class='ocrx_word' id='word_1_123' title='bbox 700 1018 865 1053; x_wconf 83' lang='lat' dir='ltr'>comitatu</span> <span class='ocrx_word' id='word_1_124' title='bbox 875 1017 1018 1052; x_wconf 80' lang='lat' dir='ltr'>Marciae</span> <span class='ocrx_word' id='word_1_125' title='bbox 1030 1017 1188 1052; x_wconf 73' lang='lat' dir='ltr'>excidisse</span> <span class='ocrx_word' id='word_1_126' title='bbox 1204 1018 1419 1052; x_wconf 81' lang='lat' dir='ltr'>comitiorum</span> <span class='ocrx_word' id='word_1_127' title='bbox 1430 1017 1579 1059; x_wconf 85' lang='lat' dir='ltr'>decreto,</span> <span class='ocrx_word' id='word_1_128' title='bbox 1594 1028 1671 1051; x_wconf 85' lang='lat' dir='ltr'>cum</span> 
     </span>
     <span class='ocr_line' id='line_1_14' title="bbox 262 1076 1671 1123; baseline -0.004 -8"><span class='ocrx_word' id='word_1_129' title='bbox 262 1086 377 1115; x_wconf 86' lang='lat' dir='ltr'>tamen</span> <span class='ocrx_word' id='word_1_130' title='bbox 397 1091 487 1114; x_wconf 89' lang='lat' dir='ltr'>anno</span> <span class='ocrx_word' id='word_1_131' title='bbox 506 1090 709 1117; x_wconf 72' lang='lat' dir='ltr'>mccccxur,</span> <span class='ocrx_word' id='word_1_132' title='bbox 728 1076 847 1123; x_wconf 80' lang='lat' dir='ltr'>viginti</span> <span class='ocrx_word' id='word_1_133' title='bbox 867 1088 972 1123; x_wconf 85' lang='lat' dir='ltr'>prope</span> <span class='ocrx_word' id='word_1_134' title='bbox 992 1082 1071 1110; x_wconf 86' lang='lat' dir='ltr'>ante</span> <span class='ocrx_word' id='word_1_135' title='bbox 1091 1088 1198 1111; x_wconf 82' lang='lat' dir='ltr'>annos</span> <span class='ocrx_word' id='word_1_136' title='bbox 1217 1076 1260 1110; x_wconf 84' lang='lat' dir='ltr'>ad</span> <span class='ocrx_word' id='word_1_137' title='bbox 1275 1076 1462 1118; x_wconf 87' lang='lat' dir='ltr'>minimum,</span> <span class='ocrx_word' id='word_1_138' title='bbox 1483 1089 1550 1110; x_wconf 90' lang='lat' dir='ltr'>non</span> <span class='ocrx_word' id='word_1_139' title='bbox 1566 1076 1671 1110; x_wconf 90' lang='lat' dir='ltr'>solum</span> 
     </span>
     <span class='ocr_line' id='line_1_15' title="bbox 264 1134 1672 1183; baseline -0.003 -10"><span class='ocrx_word' id='word_1_140' title='bbox 264 1137 461 1173; x_wconf 84' lang='lat' dir='ltr'>Alexander</span> <span class='ocrx_word' id='word_1_141' title='bbox 481 1135 714 1183; x_wconf 72' lang='lat' dir='ltr'>Dunglafiius‚</span> <span class='ocrx_word' id='word_1_142' title='bbox 739 1134 796 1169; x_wconf 90' lang='lat' dir='ltr'>sed</span> <span class='ocrx_word' id='word_1_143' title='bbox 823 1135 926 1169; x_wconf 84' lang='lat' dir='ltr'>etiam</span> <span class='ocrx_word' id='word_1_144' title='bbox 956 1134 1072 1168; x_wconf 85' lang='lat' dir='ltr'>David</span> <span class='ocrx_word' id='word_1_145' title='bbox 1102 1134 1410 1175; x_wconf 78' lang='lat' dir='ltr'>VVedderburnius,</span> <span class='ocrx_word' id='word_1_146' title='bbox 1442 1134 1560 1169; x_wconf 89' lang='lat' dir='ltr'>Humii</span> <span class='ocrx_word' id='word_1_147' title='bbox 1589 1134 1672 1169; x_wconf 66' lang='lat' dir='ltr'>diciti</span> 
     </span>
     <span class='ocr_line' id='line_1_16' title="bbox 263 1192 1673 1241; baseline -0.003 -10"><span class='ocrx_word' id='word_1_148' title='bbox 263 1198 348 1236; x_wconf 87' lang='lat' dir='ltr'>sunt,</span> <span class='ocrx_word' id='word_1_149' title='bbox 368 1208 431 1230; x_wconf 85' lang='lat' dir='ltr'>nec</span> <span class='ocrx_word' id='word_1_150' title='bbox 448 1195 481 1230; x_wconf 87' lang='lat' dir='ltr'>id</span> <span class='ocrx_word' id='word_1_151' title='bbox 500 1195 604 1241; x_wconf 77' lang='lat' dir='ltr'>vulgo</span> <span class='ocrx_word' id='word_1_152' title='bbox 623 1199 766 1234; x_wconf 86' lang='lat' dir='ltr'>tanturn,</span> <span class='ocrx_word' id='word_1_153' title='bbox 788 1193 844 1227; x_wconf 92' lang='lat' dir='ltr'>sed</span> <span class='ocrx_word' id='word_1_154' title='bbox 872 1192 915 1227; x_wconf 89' lang='lat' dir='ltr'>ab</span> <span class='ocrx_word' id='word_1_155' title='bbox 942 1192 1019 1239; x_wconf 83' lang='lat' dir='ltr'>ipsis</span> <span class='ocrx_word' id='word_1_156' title='bbox 1039 1192 1182 1227; x_wconf 84' lang='lat' dir='ltr'>Marciae</span> <span class='ocrx_word' id='word_1_157' title='bbox 1211 1192 1404 1233; x_wconf 80' lang='lat' dir='ltr'>comitibus,</span> <span class='ocrx_word' id='word_1_158' title='bbox 1429 1198 1463 1227; x_wconf 89' lang='lat' dir='ltr'>et</span> <span class='ocrx_word' id='word_1_159' title='bbox 1490 1193 1532 1228; x_wconf 85' lang='lat' dir='ltr'>de</span> <span class='ocrx_word' id='word_1_160' title='bbox 1558 1192 1673 1227; x_wconf 86' lang='lat' dir='ltr'>fundis</span> 
     </span>
     <span class='ocr_line' id='line_1_17' title="bbox 263 1251 1671 1301; baseline -0.002 -12"><span class='ocrx_word' id='word_1_161' title='bbox 263 1255 307 1289; x_wconf 89' lang='lat' dir='ltr'>ab</span> <span class='ocrx_word' id='word_1_162' title='bbox 326 1254 401 1301; x_wconf 84' lang='lat' dir='ltr'>ipsis</span> <span class='ocrx_word' id='word_1_163' title='bbox 420 1254 519 1288; x_wconf 80' lang='lat' dir='ltr'>datis.</span> <span class='ocrx_word' id='word_1_164' title='bbox 575 1252 644 1287; x_wconf 85' lang='lat' dir='ltr'>Sed</span> <span class='ocrx_word' id='word_1_165' title='bbox 663 1251 827 1299; x_wconf 84' lang='lat' dir='ltr'>siquidem</span> <span class='ocrx_word' id='word_1_166' title='bbox 846 1252 904 1293; x_wconf 91' lang='lat' dir='ltr'>est,</span> <span class='ocrx_word' id='word_1_167' title='bbox 925 1257 961 1286; x_wconf 92' lang='lat' dir='ltr'>ut</span> <span class='ocrx_word' id='word_1_168' title='bbox 981 1251 1094 1293; x_wconf 76' lang='lat' dir='ltr'>audio,</span> <span class='ocrx_word' id='word_1_169' title='bbox 1115 1252 1202 1286; x_wconf 87' lang='lat' dir='ltr'>inter</span> <span class='ocrx_word' id='word_1_170' title='bbox 1220 1251 1342 1286; x_wconf 84' lang='lat' dir='ltr'>domus</span> <span class='ocrx_word' id='word_1_171' title='bbox 1359 1251 1496 1286; x_wconf 87' lang='lat' dir='ltr'>Humiae</span> <span class='ocrx_word' id='word_1_172' title='bbox 1514 1251 1671 1298; x_wconf 83' lang='lat' dir='ltr'>majores,</span> 
     </span>
     <span class='ocr_line' id='line_1_18' title="bbox 266 1309 1674 1358; baseline -0.002 -11"><span class='ocrx_word' id='word_1_173' title='bbox 266 1313 469 1353; x_wconf 78' lang='lat' dir='ltr'>Gulielmus‚</span> <span class='ocrx_word' id='word_1_174' title='bbox 485 1311 543 1358; x_wconf 93' lang='lat' dir='ltr'>qui</span> <span class='ocrx_word' id='word_1_175' title='bbox 563 1311 684 1345; x_wconf 86' lang='lat' dir='ltr'>diserte</span> <span class='ocrx_word' id='word_1_176' title='bbox 703 1311 836 1345; x_wconf 78' lang='lat' dir='ltr'>comitis</span> <span class='ocrx_word' id='word_1_177' title='bbox 857 1310 999 1345; x_wconf 79' lang='lat' dir='ltr'>Marciae</span> <span class='ocrx_word' id='word_1_178' title='bbox 1018 1310 1105 1344; x_wconf 77' lang='lat' dir='ltr'>filius</span> <span class='ocrx_word' id='word_1_179' title='bbox 1124 1310 1256 1345; x_wconf 84' lang='lat' dir='ltr'>dieitur.</span> <span class='ocrx_word' id='word_1_180' title='bbox 1299 1310 1354 1344; x_wconf 91' lang='lat' dir='ltr'>De</span> <span class='ocrx_word' id='word_1_181' title='bbox 1369 1322 1404 1344; x_wconf 90' lang='lat' dir='ltr'>re</span> <span class='ocrx_word' id='word_1_182' title='bbox 1424 1310 1562 1345; x_wconf 86' lang='lat' dir='ltr'>minime</span> <span class='ocrx_word' id='word_1_183' title='bbox 1578 1309 1674 1344; x_wconf 91' lang='lat' dir='ltr'>dubi—</span> 
     </span>
     <span class='ocr_line' id='line_1_19' title="bbox 264 1368 1674 1416; baseline -0.002 -10"><span class='ocrx_word' id='word_1_184' title='bbox 264 1384 320 1406; x_wconf 90' lang='lat' dir='ltr'>um</span> <span class='ocrx_word' id='word_1_185' title='bbox 340 1371 399 1411; x_wconf 77' lang='lat' dir='ltr'>est,</span> <span class='ocrx_word' id='word_1_186' title='bbox 418 1370 461 1405; x_wconf 92' lang='lat' dir='ltr'>de</span> <span class='ocrx_word' id='word_1_187' title='bbox 480 1370 581 1405; x_wconf 83' lang='lat' dir='ltr'>causa</span> <span class='ocrx_word' id='word_1_188' title='bbox 600 1369 721 1404; x_wconf 86' lang='lat' dir='ltr'>frustra</span> <span class='ocrx_word' id='word_1_189' title='bbox 739 1369 1045 1416; x_wconf 79' lang='lat' dir='ltr'>disputaverimus3</span> <span class='ocrx_word' id='word_1_190' title='bbox 1073 1368 1138 1403; x_wconf 72' lang='lat' dir='ltr'>sire</span> <span class='ocrx_word' id='word_1_191' title='bbox 1161 1369 1245 1411; x_wconf 84' lang='lat' dir='ltr'>haec,</span> <span class='ocrx_word' id='word_1_192' title='bbox 1266 1368 1331 1404; x_wconf 85' lang='lat' dir='ltr'>five</span> <span class='ocrx_word' id='word_1_193' title='bbox 1358 1381 1574 1416; x_wconf 73' lang='lat' dir='ltr'>quaecunque</span> <span class='ocrx_word' id='word_1_194' title='bbox 1602 1381 1674 1403; x_wconf 92' lang='lat' dir='ltr'>mu-</span> 
     </span>
     <span class='ocr_line' id='line_1_20' title="bbox 264 1427 1674 1475; baseline -0.002 -11"><span class='ocrx_word' id='word_1_195' title='bbox 264 1430 383 1465; x_wconf 86' lang='lat' dir='ltr'>tationi</span> <span class='ocrx_word' id='word_1_196' title='bbox 402 1427 614 1463; x_wconf 83' lang='lat' dir='ltr'>occasionem</span> <span class='ocrx_word' id='word_1_197' title='bbox 634 1427 775 1469; x_wconf 82' lang='lat' dir='ltr'>dederit,</span> <span class='ocrx_word' id='word_1_198' title='bbox 796 1427 887 1462; x_wconf 82' lang='lat' dir='ltr'>haud</span> <span class='ocrx_word' id='word_1_199' title='bbox 907 1428 939 1462; x_wconf 89' lang='lat' dir='ltr'>in</span> <span class='ocrx_word' id='word_1_200' title='bbox 966 1440 1093 1475; x_wconf 85' lang='lat' dir='ltr'>magno</span> <span class='ocrx_word' id='word_1_201' title='bbox 1121 1439 1289 1474; x_wconf 83' lang='lat' dir='ltr'>ponamus</span> <span class='ocrx_word' id='word_1_202' title='bbox 1315 1427 1517 1462; x_wconf 84' lang='lat' dir='ltr'>discrimine.</span> <span class='ocrx_word' id='word_1_203' title='bbox 1571 1427 1674 1468; x_wconf 85' lang='lat' dir='ltr'>Quod</span> 
     </span>
     <span class='ocr_line' id='line_1_21' title="bbox 264 1486 1091 1535; baseline -0.002 -13"><span class='ocrx_word' id='word_1_204' title='bbox 264 1488 367 1535; x_wconf 76' lang='lat' dir='ltr'>vulgo</span> <span class='ocrx_word' id='word_1_205' title='bbox 386 1493 572 1534; x_wconf 89' lang='lat' dir='ltr'>receptum,</span> <span class='ocrx_word' id='word_1_206' title='bbox 594 1498 733 1533; x_wconf 57' lang='lat' dir='ltr'>aequum</span> <span class='ocrx_word' id='word_1_207' title='bbox 753 1486 800 1520; x_wconf 90' lang='lat' dir='ltr'>est</span> <span class='ocrx_word' id='word_1_208' title='bbox 820 1486 853 1520; x_wconf 86' lang='lat' dir='ltr'>in</span> <span class='ocrx_word' id='word_1_209' title='bbox 871 1486 923 1520; x_wconf 75' lang='lat' dir='ltr'>his</span> <span class='ocrx_word' id='word_1_210' title='bbox 942 1486 1091 1521; x_wconf 82' lang='lat' dir='ltr'>credere.</span> 
     </span>
    </p>

    <p class='ocr_par' dir='ltr' id='par_1_3' title="bbox 266 1544 1677 2295">
     <span class='ocr_line' id='line_1_22' title="bbox 315 1544 1675 1592; baseline -0.001 -12"><span class='ocrx_word' id='word_1_211' title='bbox 315 1546 477 1581; x_wconf 82' lang='lat' dir='ltr'>Genuiffe</span> <span class='ocrx_word' id='word_1_212' title='bbox 492 1557 575 1592; x_wconf 86' lang='lat' dir='ltr'>ergo</span> <span class='ocrx_word' id='word_1_213' title='bbox 594 1545 649 1579; x_wconf 88' lang='lat' dir='ltr'>ille</span> <span class='ocrx_word' id='word_1_214' title='bbox 668 1544 790 1579; x_wconf 83' lang='lat' dir='ltr'>dicitur</span> <span class='ocrx_word' id='word_1_215' title='bbox 805 1544 1001 1579; x_wconf 77' lang='lat' dir='ltr'>Joliannem</span> <span class='ocrx_word' id='word_1_216' title='bbox 1019 1545 1137 1584; x_wconf 87' lang='lat' dir='ltr'>filium,</span> <span class='ocrx_word' id='word_1_217' title='bbox 1156 1544 1333 1579; x_wconf 62' lang='lat' dir='ltr'>,lohannes</span> <span class='ocrx_word' id='word_1_218' title='bbox 1351 1544 1535 1579; x_wconf 86' lang='lat' dir='ltr'>Thomam.</span> <span class='ocrx_word' id='word_1_219' title='bbox 1582 1544 1675 1579; x_wconf 78' lang='lat' dir='ltr'>Tho-</span> 
     </span>
     <span class='ocr_line' id='line_1_23' title="bbox 266 1602 1674 1650; baseline -0.001 -11"><span class='ocrx_word' id='word_1_220' title='bbox 266 1618 350 1644; x_wconf 77' lang='lat' dir='ltr'>mas,</span> <span class='ocrx_word' id='word_1_221' title='bbox 366 1611 401 1639; x_wconf 90' lang='lat' dir='ltr'>ut</span> <span class='ocrx_word' id='word_1_222' title='bbox 415 1603 544 1644; x_wconf 87' lang='lat' dir='ltr'>Humii,</span> <span class='ocrx_word' id='word_1_223' title='bbox 561 1603 608 1637; x_wconf 84' lang='lat' dir='ltr'>ita</span> <span class='ocrx_word' id='word_1_224' title='bbox 625 1603 803 1649; x_wconf 83' lang='lat' dir='ltr'>Dunglasfi</span> <span class='ocrx_word' id='word_1_225' title='bbox 822 1603 979 1638; x_wconf 79' lang='lat' dir='ltr'>dominus</span> <span class='ocrx_word' id='word_1_226' title='bbox 998 1603 1111 1638; x_wconf 55' lang='lat' dir='ltr'>dietus</span> <span class='ocrx_word' id='word_1_227' title='bbox 1126 1603 1195 1637; x_wconf 87' lang='lat' dir='ltr'>est:</span> <span class='ocrx_word' id='word_1_228' title='bbox 1216 1602 1296 1637; x_wconf 89' lang='lat' dir='ltr'>illud</span> <span class='ocrx_word' id='word_1_229' title='bbox 1312 1603 1526 1637; x_wconf 82' lang='lat' dir='ltr'>haereditario</span> <span class='ocrx_word' id='word_1_230' title='bbox 1545 1616 1563 1637; x_wconf 86' lang='lat' dir='ltr'>a</span> <span class='ocrx_word' id='word_1_231' title='bbox 1579 1609 1674 1650; x_wconf 80' lang='lat' dir='ltr'>patre</span> 
     </span>
     <span class='ocr_line' id='line_1_24' title="bbox 266 1661 1674 1708; baseline -0.001 -11"><span class='ocrx_word' id='word_1_232' title='bbox 266 1662 498 1703; x_wconf 77' lang='lat' dir='ltr'>transmissum,</span> <span class='ocrx_word' id='word_1_233' title='bbox 519 1661 605 1695; x_wconf 87' lang='lat' dir='ltr'>istud</span> <span class='ocrx_word' id='word_1_234' title='bbox 624 1661 841 1695; x_wconf 86' lang='lat' dir='ltr'>matrimonio</span> <span class='ocrx_word' id='word_1_235' title='bbox 856 1661 1055 1708; x_wconf 78' lang='lat' dir='ltr'>acquisitum</span> <span class='ocrx_word' id='word_1_236' title='bbox 1071 1675 1080 1704; x_wconf 88' lang='lat'>;</span> <span class='ocrx_word' id='word_1_237' title='bbox 1100 1661 1272 1696; x_wconf 76' lang='lat' dir='ltr'>haeredem</span> <span class='ocrx_word' id='word_1_238' title='bbox 1290 1661 1417 1708; x_wconf 88' lang='lat' dir='ltr'>quippe</span> <span class='ocrx_word' id='word_1_239' title='bbox 1435 1661 1519 1708; x_wconf 76' lang='lat' dir='ltr'>ejiJS,</span> <span class='ocrx_word' id='word_1_240' title='bbox 1538 1661 1674 1697; x_wconf 80' lang='lat' dir='ltr'>Pfittaci</span> 
     </span>
     <span class='ocr_line' id='line_1_25' title="bbox 267 1719 1674 1768; baseline 0.001 -14"><span class='ocrx_word' id='word_1_241' title='bbox 267 1727 508 1768; x_wconf 82' lang='lat' dir='ltr'>cognomento,</span> <span class='ocrx_word' id='word_1_242' title='bbox 528 1720 654 1767; x_wconf 76' lang='lat' dir='ltr'>nuptiis</span> <span class='ocrx_word' id='word_1_243' title='bbox 673 1720 731 1754; x_wconf 88' lang='lat' dir='ltr'>fibi</span> <span class='ocrx_word' id='word_1_244' title='bbox 746 1720 873 1766; x_wconf 84' lang='lat' dir='ltr'>junxit,</span> <span class='ocrx_word' id='word_1_245' title='bbox 893 1720 990 1766; x_wconf 82' lang='lat' dir='ltr'>cujus</span> <span class='ocrx_word' id='word_1_246' title='bbox 1008 1720 1137 1755; x_wconf 84' lang='lat' dir='ltr'>haerent</span> <span class='ocrx_word' id='word_1_247' title='bbox 1150 1720 1224 1767; x_wconf 83' lang='lat' dir='ltr'>jam</span> <span class='ocrx_word' id='word_1_248' title='bbox 1243 1720 1381 1754; x_wconf 81' lang='lat' dir='ltr'>nuncin</span> <span class='ocrx_word' id='word_1_249' title='bbox 1403 1719 1608 1754; x_wconf 89' lang='lat' dir='ltr'>Humiorum</span> <span class='ocrx_word' id='word_1_250' title='bbox 1627 1721 1674 1755; x_wconf 92' lang='lat' dir='ltr'>in-</span> 
     </span>
     <span class='ocr_line' id='line_1_26' title="bbox 268 1778 1675 1827; baseline 0 -13"><span class='ocrx_word' id='word_1_251' title='bbox 268 1779 418 1827; x_wconf 74' lang='lat' dir='ltr'>signibus</span> <span class='ocrx_word' id='word_1_252' title='bbox 445 1779 619 1820; x_wconf 89' lang='lat' dir='ltr'>indicium,</span> <span class='ocrx_word' id='word_1_253' title='bbox 641 1778 773 1825; x_wconf 80' lang='lat' dir='ltr'>psittaci</span> <span class='ocrx_word' id='word_1_254' title='bbox 793 1779 848 1813; x_wconf 87' lang='lat' dir='ltr'>sex</span> <span class='ocrx_word' id='word_1_255' title='bbox 876 1779 909 1813; x_wconf 89' lang='lat' dir='ltr'>in</span> <span class='ocrx_word' id='word_1_256' title='bbox 939 1778 1069 1818; x_wconf 84' lang='lat' dir='ltr'>Hurnii,</span> <span class='ocrx_word' id='word_1_257' title='bbox 1099 1785 1166 1813; x_wconf 76' lang='lat' dir='ltr'>tres</span> <span class='ocrx_word' id='word_1_258' title='bbox 1187 1779 1219 1813; x_wconf 92' lang='lat' dir='ltr'>in</span> <span class='ocrx_word' id='word_1_259' title='bbox 1242 1778 1507 1813; x_wconf 81' lang='lat' dir='ltr'>Wedderburnii</span> <span class='ocrx_word' id='word_1_260' title='bbox 1533 1779 1675 1820; x_wconf 84' lang='lat' dir='ltr'>familia,</span> 
     </span>
     <span class='ocr_line' id='line_1_27' title="bbox 269 1837 1674 1885; baseline -0.001 -12"><span class='ocrx_word' id='word_1_261' title='bbox 269 1838 402 1873; x_wconf 88' lang='lat' dir='ltr'>duobus</span> <span class='ocrx_word' id='word_1_262' title='bbox 421 1838 592 1885; x_wconf 81' lang='lat' dir='ltr'>argenteis</span> <span class='ocrx_word' id='word_1_263' title='bbox 610 1837 765 1872; x_wconf 77' lang='lat' dir='ltr'>leonibus</span> <span class='ocrx_word' id='word_1_264' title='bbox 784 1837 1001 1884; x_wconf 79' lang='lat' dir='ltr'>superadditi.</span> <span class='ocrx_word' id='word_1_265' title='bbox 1055 1837 1186 1872; x_wconf 86' lang='lat' dir='ltr'>Genuit</span> <span class='ocrx_word' id='word_1_266' title='bbox 1212 1849 1253 1871; x_wconf 86' lang='lat' dir='ltr'>ex</span> <span class='ocrx_word' id='word_1_267' title='bbox 1280 1850 1321 1872; x_wconf 92' lang='lat' dir='ltr'>ea</span> <span class='ocrx_word' id='word_1_268' title='bbox 1342 1837 1497 1872; x_wconf 83' lang='lat' dir='ltr'>Thomas</span> <span class='ocrx_word' id='word_1_269' title='bbox 1526 1838 1674 1873; x_wconf 88' lang='lat' dir='ltr'>Alexan-</span> 
     </span>
     <span class='ocr_line' id='line_1_28' title="bbox 270 1895 1675 1942; baseline 0 -11"><span class='ocrx_word' id='word_1_270' title='bbox 270 1898 366 1932; x_wconf 89' lang='lat' dir='ltr'>drum</span> <span class='ocrx_word' id='word_1_271' title='bbox 384 1902 467 1931; x_wconf 88' lang='lat' dir='ltr'>natu</span> <span class='ocrx_word' id='word_1_272' title='bbox 485 1896 659 1942; x_wconf 86' lang='lat' dir='ltr'>majorem,</span> <span class='ocrx_word' id='word_1_273' title='bbox 680 1902 714 1930; x_wconf 91' lang='lat' dir='ltr'>et</span> <span class='ocrx_word' id='word_1_274' title='bbox 735 1895 916 1937; x_wconf 86' lang='lat' dir='ltr'>Davidem,</span> <span class='ocrx_word' id='word_1_275' title='bbox 937 1896 1005 1942; x_wconf 90' lang='lat' dir='ltr'>qui,</span> <span class='ocrx_word' id='word_1_276' title='bbox 1029 1895 1295 1930; x_wconf 71' lang='lat' dir='ltr'>VVedderburnii</span> <span class='ocrx_word' id='word_1_277' title='bbox 1314 1896 1421 1931; x_wconf 87' lang='lat' dir='ltr'>fundo</span> <span class='ocrx_word' id='word_1_278' title='bbox 1440 1896 1573 1938; x_wconf 53' lang='lat' dir='ltr'>anetus,</span> <span class='ocrx_word' id='word_1_279' title='bbox 1597 1897 1675 1931; x_wconf 83' lang='lat' dir='ltr'>titu-</span> 
     </span>
     <span class='ocr_line' id='line_1_29' title="bbox 269 1953 1675 2002; baseline 0.001 -13"><span class='ocrx_word' id='word_1_280' title='bbox 269 1955 339 1989; x_wconf 91' lang='lat' dir='ltr'>lum</span> <span class='ocrx_word' id='word_1_281' title='bbox 358 1953 436 1988; x_wconf 88' lang='lat' dir='ltr'>inde</span> <span class='ocrx_word' id='word_1_282' title='bbox 455 1953 601 2000; x_wconf 86' lang='lat' dir='ltr'>sumpfit,</span> <span class='ocrx_word' id='word_1_283' title='bbox 617 1960 650 1988; x_wconf 86' lang='lat' dir='ltr'>et</span> <span class='ocrx_word' id='word_1_284' title='bbox 669 1953 712 1987; x_wconf 86' lang='lat' dir='ltr'>ad</span> <span class='ocrx_word' id='word_1_285' title='bbox 730 1953 881 2000; x_wconf 77' lang='lat' dir='ltr'>posteros</span> <span class='ocrx_word' id='word_1_286' title='bbox 901 1954 1078 1996; x_wconf 78' lang='lat' dir='ltr'>transtulit,</span> <span class='ocrx_word' id='word_1_287' title='bbox 1099 1967 1119 1988; x_wconf 85' lang='lat' dir='ltr'>a</span> <span class='ocrx_word' id='word_1_288' title='bbox 1140 1954 1314 1989; x_wconf 90' lang='lat' dir='ltr'>Gulielmo</span> <span class='ocrx_word' id='word_1_289' title='bbox 1337 1955 1470 1989; x_wconf 82' lang='lat' dir='ltr'>comitis</span> <span class='ocrx_word' id='word_1_290' title='bbox 1484 1955 1553 1989; x_wconf 84' lang='lat' dir='ltr'>filio</span> <span class='ocrx_word' id='word_1_291' title='bbox 1576 1968 1675 2002; x_wconf 84' lang='lat' dir='ltr'>quar-</span> 
     </span>
     <span class='ocr_line' id='line_1_30' title="bbox 270 2011 1676 2059; baseline 0.001 -12"><span class='ocrx_word' id='word_1_292' title='bbox 270 2022 345 2048; x_wconf 82' lang='lat' dir='ltr'>tus:</span> <span class='ocrx_word' id='word_1_293' title='bbox 385 2018 488 2059; x_wconf 86' lang='lat' dir='ltr'>atque</span> <span class='ocrx_word' id='word_1_294' title='bbox 506 2012 561 2046; x_wconf 86' lang='lat' dir='ltr'>hic</span> <span class='ocrx_word' id='word_1_295' title='bbox 579 2011 627 2046; x_wconf 88' lang='lat' dir='ltr'>est</span> <span class='ocrx_word' id='word_1_296' title='bbox 652 2012 710 2059; x_wconf 93' lang='lat' dir='ltr'>qui</span> <span class='ocrx_word' id='word_1_297' title='bbox 735 2012 861 2058; x_wconf 81' lang='lat' dir='ltr'>primus</span> <span class='ocrx_word' id='word_1_298' title='bbox 885 2012 971 2046; x_wconf 89' lang='lat' dir='ltr'>inter</span> <span class='ocrx_word' id='word_1_299' title='bbox 998 2012 1119 2047; x_wconf 85' lang='lat' dir='ltr'>domus</span> <span class='ocrx_word' id='word_1_300' title='bbox 1141 2012 1425 2048; x_wconf 77' lang='lat' dir='ltr'>wedderburniae</span> <span class='ocrx_word' id='word_1_301' title='bbox 1453 2020 1676 2049; x_wconf 86' lang='lat' dir='ltr'>monumenta</span> 
     </span>
     <span class='ocr_line' id='line_1_31' title="bbox 271 2070 1676 2118; baseline 0.001 -12"><span class='ocrx_word' id='word_1_302' title='bbox 271 2071 449 2106; x_wconf 75' lang='lat' dir='ltr'>invenitur.</span> <span class='ocrx_word' id='word_1_303' title='bbox 503 2070 658 2111; x_wconf 86' lang='lat' dir='ltr'>Memini,</span> <span class='ocrx_word' id='word_1_304' title='bbox 679 2082 732 2104; x_wconf 90' lang='lat' dir='ltr'>me</span> <span class='ocrx_word' id='word_1_305' title='bbox 751 2083 867 2117; x_wconf 87' lang='lat' dir='ltr'>puero,</span> <span class='ocrx_word' id='word_1_306' title='bbox 888 2070 1067 2105; x_wconf 77' lang='lat' dir='ltr'>obtinuisse</span> <span class='ocrx_word' id='word_1_307' title='bbox 1085 2071 1224 2113; x_wconf 83' lang='lat' dir='ltr'>famam,</span> <span class='ocrx_word' id='word_1_308' title='bbox 1253 2071 1401 2118; x_wconf 80' lang='lat' dir='ltr'>maj0res</span> <span class='ocrx_word' id='word_1_309' title='bbox 1432 2072 1506 2118; x_wconf 77' lang='lat' dir='ltr'>ejus</span> <span class='ocrx_word' id='word_1_310' title='bbox 1534 2072 1676 2107; x_wconf 76' lang='lat' dir='ltr'>tenuisse</span> 
     </span>
     <span class='ocr_line' id='line_1_32' title="bbox 273 2128 1676 2172; baseline 0 -7"><span class='ocrx_word' id='word_1_311' title='bbox 273 2129 417 2165; x_wconf 89' lang='lat' dir='ltr'>fundum</span> <span class='ocrx_word' id='word_1_312' title='bbox 446 2128 629 2164; x_wconf 86' lang='lat' dir='ltr'>Thurstoni</span> <span class='ocrx_word' id='word_1_313' title='bbox 659 2128 716 2163; x_wconf 86' lang='lat' dir='ltr'>diu</span> <span class='ocrx_word' id='word_1_314' title='bbox 743 2135 822 2163; x_wconf 79' lang='lat' dir='ltr'>ante</span> <span class='ocrx_word' id='word_1_315' title='bbox 844 2128 1179 2172; x_wconf 57' lang='lat' dir='ltr'>lsVedderburniunu</span> <span class='ocrx_word' id='word_1_316' title='bbox 1208 2129 1402 2165; x_wconf 88' lang='lat' dir='ltr'>dubitatum</span> <span class='ocrx_word' id='word_1_317' title='bbox 1430 2130 1534 2165; x_wconf 85' lang='lat' dir='ltr'>etiam</span> <span class='ocrx_word' id='word_1_318' title='bbox 1553 2143 1573 2165; x_wconf 87' lang='lat' dir='ltr'>a</span> <span class='ocrx_word' id='word_1_319' title='bbox 1594 2143 1676 2166; x_wconf 90' lang='lat' dir='ltr'>non-</span> 
     </span>
     <span class='ocr_line' id='line_1_33' title="bbox 273 2187 1677 2236; baseline 0.001 -13"><span class='ocrx_word' id='word_1_320' title='bbox 273 2188 373 2223; x_wconf 84' lang='lat' dir='ltr'>nullis</span> <span class='ocrx_word' id='word_1_321' title='bbox 391 2188 471 2227; x_wconf 87' lang='lat' dir='ltr'>isne,</span> <span class='ocrx_word' id='word_1_322' title='bbox 499 2194 558 2222; x_wconf 88' lang='lat' dir='ltr'>aut</span> <span class='ocrx_word' id='word_1_323' title='bbox 583 2188 697 2229; x_wconf 86' lang='lat' dir='ltr'>frater,</span> <span class='ocrx_word' id='word_1_324' title='bbox 726 2187 836 2234; x_wconf 89' lang='lat' dir='ltr'>major</span> <span class='ocrx_word' id='word_1_325' title='bbox 861 2193 944 2222; x_wconf 84' lang='lat' dir='ltr'>natu</span> <span class='ocrx_word' id='word_1_326' title='bbox 971 2187 1083 2228; x_wconf 81' lang='lat' dir='ltr'>fuerit,</span> <span class='ocrx_word' id='word_1_327' title='bbox 1111 2188 1167 2222; x_wconf 88' lang='lat' dir='ltr'>sed</span> <span class='ocrx_word' id='word_1_328' title='bbox 1197 2188 1261 2223; x_wconf 88' lang='lat' dir='ltr'>hoc</span> <span class='ocrx_word' id='word_1_329' title='bbox 1285 2188 1363 2236; x_wconf 85' lang='lat' dir='ltr'>jure</span> <span class='ocrx_word' id='word_1_330' title='bbox 1390 2188 1521 2224; x_wconf 88' lang='lat' dir='ltr'>nostros</span> <span class='ocrx_word' id='word_1_331' title='bbox 1547 2189 1677 2236; x_wconf 87' lang='lat' dir='ltr'>semper</span> 
     </span>
     <span class='ocr_line' id='line_1_34' title="bbox 275 2245 1677 2295; baseline -0.001 -12"><span class='ocrx_word' id='word_1_332' title='bbox 275 2247 396 2283; x_wconf 74' lang='lat' dir='ltr'>cessiffe</span> <span class='ocrx_word' id='word_1_333' title='bbox 416 2246 526 2286; x_wconf 79' lang='lat' dir='ltr'>video,</span> <span class='ocrx_word' id='word_1_334' title='bbox 545 2252 579 2282; x_wconf 78' lang='lat' dir='ltr'>et</span> <span class='ocrx_word' id='word_1_335' title='bbox 598 2246 679 2281; x_wconf 87' lang='lat' dir='ltr'>mihi</span> <span class='ocrx_word' id='word_1_336' title='bbox 697 2258 776 2281; x_wconf 91' lang='lat' dir='ltr'>vero</span> <span class='ocrx_word' id='word_1_337' title='bbox 791 2245 928 2280; x_wconf 82' lang='lat' dir='ltr'>similius</span> <span class='ocrx_word' id='word_1_338' title='bbox 946 2245 1078 2281; x_wconf 79' lang='lat' dir='ltr'>videtur</span> <span class='ocrx_word' id='word_1_339' title='bbox 1096 2246 1138 2281; x_wconf 92' lang='lat' dir='ltr'>de</span> <span class='ocrx_word' id='word_1_340' title='bbox 1153 2246 1233 2287; x_wconf 93' lang='lat' dir='ltr'>illo;</span> <span class='ocrx_word' id='word_1_341' title='bbox 1254 2247 1345 2282; x_wconf 85' lang='lat' dir='ltr'>haud</span> <span class='ocrx_word' id='word_1_342' title='bbox 1364 2259 1597 2295; x_wconf 86' lang='lat' dir='ltr'>pernegavero</span> <span class='ocrx_word' id='word_1_343' title='bbox 1612 2248 1677 2282; x_wconf 86' lang='lat' dir='ltr'>for-</span> 
     </span>
    </p>
   </div>
  </div>
 </body>
</html>
