1922 2767
663 296 1179 334 WEDDERBURNENSI.
1581 304 1626 335 23

208 401 299 435 sama
318 399 366 435 est
382 414 390 442 ;
420 400 475 434 alii
495 411 572 434 cum
592 400 650 434 suo
668 399 838 435 famulitio
853 400 978 435 venisse
997 401 1103 443 aiunt,
1121 402 1324 449 ducemque,
1342 414 1419 436 cum
1435 408 1468 437 et
1483 416 1624 450 corpore

208 458 362 506 pusillum
381 464 414 493 et
433 459 598 493 comitatu
617 458 743 505 exiguo
762 464 913 499 euntem,
929 471 993 494 nec
1008 472 1068 507 pro
1088 472 1138 502 ea,
1156 473 1259 507 quam
1279 461 1394 495 animo
1407 469 1624 508 conceperat,

207 516 375 564 dignitate
403 517 619 564 conspicatus
643 517 736 558 esset,
757 517 800 552 ad
819 517 992 564 proximos
1011 519 1222 559 conversum,
1241 519 1418 566 vulgatum
1446 519 1528 554 illud
1548 532 1625 554 cum

208 580 406 622 contemptu
438 575 620 623 usurpasse,
654 576 792 610 Illimzz't
815 577 1008 623 praesentia
1029 578 1174 623 famam
1191 591 1204 617 ;
1243 577 1311 617 alii,
1343 584 1472 619 contra,
1505 577 1626 613 decem

207 634 356 669 millibus
374 635 527 681 equitum
547 634 707 682 stipatum
725 634 833 675 fuisse,
853 634 957 682 idque
976 635 1100 670 ducem
1128 636 1356 683 indignatum,
1377 642 1410 671 et
1438 637 1536 684 supra
1562 637 1626 684 pri-

207 699 321 728 vatam
341 693 407 728 effe
425 693 514 728 hanc
532 694 722 741 potentiam
741 693 922 736 dictitasse,
943 707 1057 741 neque
1075 694 1108 729 in
1128 694 1262 730 subdito
1280 695 1469 730 serendam.
1525 695 1572 731 Ut
1591 702 1627 731 ut

209 752 267 795 est,
287 765 417 799 paucos
435 752 510 800 post
527 753 669 794 menses,
691 753 771 787 sane
790 765 880 787 anuo
900 753 1048 788 necdum
1075 753 1297 796 circumacto,
1318 755 1376 789 seu
1394 755 1452 789 suo
1475 755 1624 801 ingenio,

207 812 265 846 seu
284 812 497 846 inimicorum
516 811 706 852 calumniis,
726 812 773 846 ita
792 811 835 846 ab
857 810 987 846 Humio
1006 812 1176 848 alienatus
1203 825 1324 860 prorex
1350 813 1408 855 est,
1432 820 1468 849 ut
1486 814 1519 848 in
1548 827 1626 849 con-

206 870 370 917 greffibus
387 871 499 905 vultus
517 871 619 906 facile
637 872 789 906 aversam
808 870 1020 906 voluntatem
1035 871 1206 919 proderet.
1261 872 1395 920 Itaque,
1413 872 1477 907 hac
1495 873 1552 920 spe
1567 873 1624 908 de-

206 929 332 976 jectus,
355 929 547 974 Angustum
567 929 648 972 adit,
669 930 791 965 eadem
812 930 945 978 repetit,
966 943 1044 978 quae
1063 930 1119 965 illo
1138 931 1242 978 paulo
1261 937 1341 966 ante
1360 938 1521 967 monente
1540 933 1627 979 spre-

208 994 328 1031 verat3
361 988 533 1035 praecipue
559 1001 627 1023 non
653 988 719 1024 effe
743 995 855 1024 tutum
883 990 975 1038 apud
1005 989 1169 1025 Albinum
1202 1002 1345 1037 regem3
1382 990 1568 1026 deduceret
1594 992 1627 1026 in

211 1048 376 1094 Angliam
403 1054 437 1083 et
464 1048 633 1083 avunculo
660 1049 900 1084 committeret.
954 1048 1084 1084 Verum
1113 1048 1178 1083 hoc
1207 1050 1353 1097 proregi,
1378 1062 1438 1097 per
1466 1050 1627 1093 indicem,

208 1107 376 1149 rescitum,
398 1107 518 1142 frustra
537 1107 626 1150 suit3
655 1108 772 1155 itaque
800 1107 833 1142 in
863 1107 1040 1155 Angliam,
1061 1120 1129 1143 una
1156 1121 1235 1143 cum
1264 1108 1418 1156 Angufio
1438 1115 1471 1144 et
1496 1110 1626 1156 regina,

209 1166 347 1201 secedit.
402 1166 539 1208 Prorex,
560 1166 685 1201 veritus
704 1178 746 1201 ne
766 1166 847 1213 quid
866 1167 1004 1214 gravius
1028 1167 1107 1202 inde
1125 1167 1310 1209 moliretur,
1331 1168 1478 1203 reditum
1497 1169 1626 1211 suadet,

209 1225 312 1260 fidem
330 1225 525 1272 interponit,
546 1225 662 1260 omnia
679 1225 864 1260 liberaliter
883 1225 1037 1272 spondet,
1055 1226 1195 1261 tandem
1215 1232 1249 1261 et
1268 1228 1473 1274 persuadet3
1502 1228 1560 1263 ubi
1579 1241 1628 1263 re-

211 1283 329 1325 diisset,
349 1283 441 1318 haud
461 1284 508 1318 ita
532 1284 640 1318 multo
663 1290 818 1331 tempore
846 1284 1053 1332 interposito,
1074 1284 1117 1320 de
1144 1285 1211 1320 fide
1235 1286 1384 1327 securus,
1403 1287 1436 1321 in
1459 1286 1630 1334 judicium

210 1348 322 1383 vocat,
342 1342 452 1378 sistere
471 1343 503 1377 se
522 1349 723 1378 renuentem
742 1343 893 1385 damnat,
914 1343 1006 1378 bona
1024 1344 1102 1379 fisco
1122 1343 1308 1391 adjudicat,
1324 1345 1368 1379 ad
1387 1358 1482 1380 arma
1498 1346 1629 1386 incitat,

211 1402 244 1436 in
267 1403 457 1438 sumentem
484 1403 671 1438 exercitum
698 1402 802 1438 ducit.
859 1402 928 1438 Sed
956 1403 1079 1438 iterum
1106 1404 1295 1438 amicorum
1322 1404 1419 1439 suasu
1447 1405 1564 1445 allicit,
1584 1405 1629 1440 al-

209 1460 339 1496 lec'tum
366 1461 398 1495 in
423 1461 613 1496 custodiam
638 1461 707 1503 dat,
730 1460 869 1496 Araniae
894 1461 1010 1496 comiti
1038 1461 1190 1509 quidem,
1210 1462 1243 1496 id
1271 1462 1319 1497 est
1348 1463 1469 1498 sororis
1494 1464 1629 1504 marito,

210 1526 326 1554 tamen
346 1519 545 1562 custodiam,
566 1520 648 1555 dum
672 1533 775 1568 poena
802 1520 932 1555 indicta
949 1520 973 1555 fi
992 1520 1200 1562 dimitteret3
1228 1521 1345 1569 itaque
1373 1521 1433 1557 fibi
1461 1528 1628 1565 metuens,

211 1584 246 1613 et
268 1578 451 1625 indignans
470 1592 489 1614 e
507 1579 661 1614 custodia
688 1579 720 1614 se
747 1579 914 1619 subducit,
935 1578 1174 1627 Araniumque
1201 1592 1271 1615 una
1298 1580 1449 1616 abducit.
1503 1581 1631 1617 Iterum

213 1637 257 1672 ad
289 1649 383 1672 arma
414 1638 570 1685 spectare
601 1651 665 1678 res,
692 1638 826 1678 iterum,
857 1637 1052 1673 Formanno
1079 1639 1174 1686 pacis
1205 1639 1401 1686 interprete,
1431 1640 1629 1688 composita.

216 1695 312 1745 Ergo
338 1697 372 1731 in
397 1697 513 1731 aulam
539 1696 636 1739 redit,
666 1709 706 1732 ac
733 1696 824 1737 inde,
851 1709 996 1745 protege
1023 1696 1262 1732 Falklandiam
1284 1698 1476 1741 secedente,
1508 1699 1542 1734 in
1573 1700 1632 1734 sua

212 1755 362 1803 praedia3
391 1756 437 1790 ibi
466 1755 547 1790 dum
574 1755 731 1790 innoxius
759 1756 843 1803 agit,
870 1755 936 1791 five
967 1757 1092 1792 coortis
1123 1757 1379 1804 suspicionibus,
1409 1764 1446 1792 ut
1472 1758 1631 1806 inquiunt

213 1814 371 1855 historici,
389 1815 503 1850 nescio
521 1814 657 1862 quibuS,
677 1827 740 1850 nec
759 1827 828 1863 quo
846 1815 969 1857 indice,
991 1821 1025 1850 et
1042 1815 1138 1851 nullo
1161 1815 1354 1851 testimonio
1381 1817 1543 1864 probatis,
1564 1816 1631 1852 five

214 1874 403 1909 inveterata
421 1874 470 1909 ira
488 1879 522 1909 et
536 1874 627 1916 odio,
644 1886 777 1922 proreX,
792 1887 861 1909 non
876 1880 1058 1909 contentus
1072 1874 1220 1926 gratiam
1236 1887 1303 1909 non
1316 1875 1474 1918 retuliffe,
1489 1876 1630 1911 exitium

218 1931 443 1974 machinatur,
465 1938 498 1968 et
518 1933 599 1980 quia
617 1933 719 1968 armis
738 1945 859 1980 parum
878 1933 1093 1981 processerat,
1114 1933 1270 1969 fraudem
1289 1940 1400 1981 parat.
1445 1934 1567 1982 Itaque
1586 1936 1634 1969 in-

216 1990 330 2026 difflms
350 1990 452 2026 Edini
472 1991 515 2026 ad
534 1992 697 2027 octavum
719 1991 895 2026 Calendas
916 1991 1079 2027 octobris
1097 2004 1277 2040 procerum
1299 1999 1498 2029 conventus.
1551 1993 1632 2029 Huc

218 2048 385 2084 Humium
414 2050 571 2085 omnibus
599 2050 728 2086 artibus
757 2051 965 2098 pertrahere,
998 2051 1106 2098 ipsum
1136 2051 1428 2099 policitationibus
1458 2052 1629 2100 pellicere,

218 2107 388 2142 ostentare
407 2120 500 2155 opes,
520 2108 696 2150 honorem,
716 2116 748 2144 et
768 2109 843 2145 baec
861 2110 989 2157 palam,
1010 2110 1099 2145 clam
1118 2111 1222 2145 etiam
1240 2124 1300 2159 per
1328 2112 1466 2154 amicos,
1487 2124 1530 2147 ne
1549 2112 1631 2159 quid

218 2167 423 2201 intentatum
450 2166 668 2214 relinqueret,
687 2174 746 2203 aut
773 2174 961 2216 corruptos,
982 2175 1041 2203 aut
1068 2169 1258 2217 deceptos;
1286 2182 1349 2205 nec
1374 2170 1536 2205 incaffum
1556 2171 1628 2212 suit,

217 2237 298 2260 nam
316 2225 382 2267 ille,
403 2225 460 2259 seu
479 2225 535 2272 spe
553 2225 698 2269 illectus,
719 2227 776 2262 seu
795 2227 874 2262 belli
902 2227 993 2262 mala
1019 2228 1190 2275 pertaesus,
1211 2241 1329 2263 aurem
1353 2229 1529 2276 praebebat
1555 2242 1630 2276 pro—

218 2284 303 2324 nior,
322 2283 429 2318 multa
448 2289 566 2318 contra
584 2283 833 2331 disputantibus
852 2286 977 2333 quibus
1001 2286 1194 2321 accuratius
1213 2288 1369 2334 expensae
1395 2300 1459 2328 res,
1478 2288 1631 2335 proregis

220 2343 406 2390 ingenium,
426 2347 510 2383 tum,
538 2343 709 2378 communi
736 2344 960 2391 regnantibus
986 2344 1079 2387 vitio,
1108 2345 1270 2393 potentiae
1296 2358 1385 2393 pene
1398 2346 1539 2395 -aemulae
1566 2347 1630 2382 sus-
