1922 2767
249 277 295 311 36
698 275 766 311 DE
795 274 1017 311 FAMILIA
1047 275 1220 311 HUMIA

251 384 389 407 omnem
409 383 510 419 opem
529 371 617 413 tulit,
638 371 775 406 excluso
797 369 946 404 Patricio
967 368 1173 409 Blacadar0‚
1193 369 1250 416 qui
1265 369 1323 416 jus
1349 368 1410 404 fibi
1428 369 1461 404 in
1480 369 1514 404 id
1533 381 1670 416 arroga-

250 437 356 466 verat.
409 430 455 465 Et
482 431 557 465 sunt
575 430 633 477 qui
661 429 810 465 scribunt
838 441 917 464 eum
937 441 956 463 a
983 428 1156 475 pontifice,
1185 428 1420 463 consentiente
1449 440 1604 476 prorege,
1636 427 1670 462 id

250 489 453 524 beneficium
473 488 654 524 obtinuii‘se
670 502 678 528 ;
698 500 801 535 qnam
821 500 900 522 vere
919 487 1053 529 nescio3
1074 499 1138 521 nec
1156 486 1246 521 enim
1265 499 1326 534 per
1349 492 1460 521 totum
1478 487 1669 534 quinquen-

252 548 344 582 nium
365 560 434 595 quo
454 561 473 582 a
492 554 626 582 mortuo
645 547 801 594 patruele
820 547 912 588 vixit,
935 551 993 580 aut
1020 545 1194 592 pontificia
1220 550 1280 579 aut
1307 545 1461 592 proregis
1488 545 1667 592 potestate,

253 607 286 641 in
305 605 537 653 poss'effionem
557 606 631 652 ejus
650 605 775 640 veniffe
802 605 943 646 constat,
965 611 1001 639 ut
1027 616 1091 639 nec
1115 604 1230 638 venire
1257 603 1399 638 tentasse
1425 603 1583 650 legimus,
1604 603 1670 638 five

251 677 369 699 revera
383 665 514 699 nullum
534 665 565 699 ei
580 665 638 711 jus
656 664 770 704 suerit,
785 663 851 698 five
866 663 911 698 ob
930 663 1062 697 nobiles
1077 674 1154 697 cum
1172 662 1308 696 Humiis
1323 662 1527 704 inimicitias,
1544 662 1577 696 in
1593 674 1669 697 eam

255 724 431 771 regionem
460 723 575 758 venire
607 723 718 757 minus
748 728 859 757 tutum
884 721 1060 768 judicarit.
1115 721 1205 756 Cum
1232 721 1356 755 eodem
1389 720 1574 763 Gulielmo‚
1601 733 1670 768 quo

256 789 409 829 tempore
431 781 604 829 Angufius
625 781 764 816 Araniae
784 781 955 822 comitem,
976 780 1117 827 ejusque
1136 779 1298 814 factionis
1319 785 1461 814 caeteros
1481 778 1595 814 Edino
1614 792 1670 814 ex-

253 841 349 889 pulit,
369 841 412 876 ad
432 849 548 888 portas
567 840 658 875 urbis
677 839 803 875 venisse
824 839 1007 881 Davidem,
1029 838 1238 885 octingentis
1257 837 1430 885 equitibus
1457 838 1670 877 comitatum,

254 899 418 935 testantur
436 899 595 939 historici,
614 906 648 933 et
666 898 822 933 molitum
851 898 988 945 quidem
1020 903 1135 944 portas
1163 903 1311 937 narrant,
1338 896 1394 931 sed
1421 897 1581 931 confecta
1596 896 1669 943 jam

254 970 372 1006 pugna
390 964 424 993 et
442 964 539 1005 parta
559 957 601 992 ab
623 956 779 1004 Angufio
798 957 954 996 victoria,
983 968 1073 991 anno
1095 967 1210 997 nrnxx,
1231 955 1340 1002 pridie
1361 955 1438 990 Cal.
1460 955 1558 990 Maii.
1611 955 1670 990 Vi-

253 1016 366 1057 eisfim,
387 1023 421 1051 et
441 1015 685 1063 Duglafiorum
704 1027 770 1062 ope
790 1015 899 1049 fretus
918 1015 977 1054 est,
997 1027 1086 1054 cum,
1108 1014 1290 1048 undecimo
1312 1013 1389 1049 Cal.
1411 1014 1570 1062 Augusti,
1591 1027 1670 1049 con-

254 1075 518 1123 sanguineorum
540 1074 726 1109 Alexandri
741 1079 775 1108 et
792 1073 956 1108 Gulielmi
972 1074 1086 1120 capita
1105 1079 1202 1120 parte
1215 1073 1306 1108 urbis
1321 1073 1487 1115 detracta,
1508 1079 1542 1108 et
1556 1073 1670 1121 palam

253 1134 438 1169 honorifice
454 1133 659 1180 sepelienda,
681 1145 759 1167 curn
776 1132 931 1179 Georgio
951 1144 1068 1166 eorum
1084 1132 1188 1166 fratre
1207 1132 1348 1166 curavit.
1400 1131 1566 1166 Nondum
1585 1132 1671 1167 redi-

256 1199 328 1228 erat
348 1206 366 1228 e
387 1192 503 1227 Gallia
522 1204 653 1239 prorex,
674 1198 708 1226 et
726 1191 802 1238 quis
821 1203 889 1225 non
917 1190 1034 1225 credat
1052 1190 1176 1225 iratum
1197 1190 1323 1225 Davidi
1351 1190 1538 1225 rediturum
1562 1190 1670 1233 fuiffe,

256 1252 300 1286 ob
319 1258 380 1293 tot,
401 1264 478 1298 quae
508 1251 595 1285 illius
622 1250 866 1285 au6toritatern
893 1249 1093 1284 imminuere
1120 1248 1334 1289 videbantur,
1362 1249 1527 1291 facinora,
1548 1249 1671 1284 caesum

257 1311 433 1351 Bautiuin‚
457 1309 697 1351 Bheadarum,
713 1314 869 1355 receptas
886 1308 918 1342 in
936 1308 1069 1342 Mercia
1085 1320 1191 1348 arces,
1205 1308 1378 1343 exclusum
1396 1308 1672 1355 Coldinghamiae

259 1369 428 1410 coenobio,
450 1368 615 1415 siquidem
634 1380 751 1402 verum
771 1367 919 1402 scribunt
944 1366 1104 1409 historici,
1125 1366 1226 1413 ipfius
1245 1366 1452 1401 au&c01·itate
1470 1367 1587 1401 nixum
1607 1367 1672 1402 Pa-

258 1428 403 1468 tricium,
423 1434 466 1469 et,
488 1427 582 1474 quod
610 1427 643 1461 in
663 1438 775 1461 arcem
803 1426 913 1460 causae
940 1425 1101 1460 invadere
1129 1425 1317 1467 videbatur,
1347 1425 1506 1460 detracta
1531 1426 1673 1460 fratrum

259 1487 466 1522 Hunnorum
485 1486 608 1532 capita,
630 1497 670 1519 ac
688 1484 825 1532 publice
844 1491 1011 1531 tanquam
1027 1484 1241 1519 innoxiorum
1259 1484 1414 1525 virorum,
1435 1489 1470 1518 et
1487 1483 1672 1519 honorifice

257 1546 409 1593 sepulta!
454 1545 583 1579 Verum
602 1543 684 1578 nihil
703 1544 840 1591 gravius
856 1544 887 1578 in
908 1544 1001 1578 illum
1021 1544 1162 1590 usquam
1181 1542 1307 1584 statuit,
1324 1548 1358 1577 et
1376 1542 1488 1577 statim
1504 1549 1541 1577 ut
1559 1543 1669 1582 rediit,

260 1617 349 1639 anno
368 1616 515 1645 MDxxu,
537 1602 611 1638 caefi
633 1602 747 1637 Bautii
768 1602 902 1637 veniam
930 1601 1022 1636 haud
1051 1607 1193 1649 gravate
1220 1600 1388 1642 conceffit,
1410 1606 1443 1635 et
1469 1601 1671 1636 nominatim

260 1663 431 1702 fratribus,
453 1662 613 1701 Patricio,
632 1661 779 1702 Joanne,
811 1660 1021 1702 Alexandro,
1052 1673 1092 1695 ac
1121 1660 1288 1707 Magistro
1307 1659 1433 1695 Joanni
1461 1666 1595 1706 patruo,
1614 1660 1671 1695 ubi

259 1722 371 1757 mirari
400 1721 487 1756 subit
518 1721 575 1768 qui
603 1720 671 1761 fiat,
694 1726 729 1754 ut
750 1719 917 1754 Patricius
946 1726 1025 1754 ante
1055 1718 1290 1753 Alexandrum
1320 1724 1355 1752 et
1382 1717 1566 1759 Joannern,
1594 1732 1671 1754 cum

260 1787 405 1827 utroque
420 1786 501 1814 natu
517 1779 626 1814 minor
641 1778 732 1820 effet,
749 1777 876 1824 ubique
892 1778 1106 1818 nominetur-3
1125 1778 1212 1812 forte
1226 1777 1337 1811 suerat
1356 1777 1536 1823 percussor.
1585 1777 1671 1813 Sub-

261 1848 333 1875 erat
351 1839 517 1886 proregiae
535 1837 722 1876 facilitatis,
742 1843 863 1883 praeter
880 1836 995 1871 literas
1014 1849 1100 1883 quas
1129 1835 1274 1870 diximus
1293 1848 1313 1869 a
1341 1834 1468 1870 Bautio
1487 1836 1530 1870 ad
1557 1837 1672 1871 aulam

267 1898 438 1933 Gallicam
458 1896 581 1935 miffas,
600 1895 705 1930 etiam
731 1894 804 1929 haec
831 1895 944 1934 causa,
964 1895 1056 1942 quod
1086 1906 1162 1929 cum
1184 1893 1297 1928 David
1326 1894 1407 1929 efl'et
1433 1901 1537 1929 tantae
1564 1895 1595 1929 in
1617 1895 1673 1929 illa

261 1957 405 1991 limitum
433 1962 529 2002 parte
548 1954 774 1995 auctoritatis,
795 1954 911 1988 utilem
932 1953 989 1988 fibi
1010 1953 1083 2000 ejus
1101 1965 1240 2000 operam
1260 1953 1332 1987 sore
1352 1953 1591 2000 prospiciebat,
1609 1966 1673 1989 nec

263 2015 405 2050 multum
426 2014 553 2061 absque
580 2025 621 2047 eo
648 2012 721 2060 geri
748 2011 851 2059 poffe,
872 2024 935 2046 nec
964 2012 1136 2058 expedire,
1164 2011 1222 2046 tali
1251 2018 1416 2058 tempore,
1443 2013 1546 2047 talem
1565 2013 1671 2047 virum

263 2073 434 2109 offendere
454 2079 512 2107 aut
531 2072 691 2112 alienare,
713 2077 747 2105 et
771 2070 815 2105 ad
841 2070 953 2105 hostes
980 2070 1132 2117 abigere,
1153 2082 1230 2104 curn
1251 2070 1282 2104 in
1304 2070 1468 2117 Angliam
1487 2071 1672 2106 exercitum

263 2133 427 2167 ducturus
445 2131 547 2171 efl'et3
567 2142 630 2164 nec
649 2130 715 2171 ille,
736 2135 772 2163 ut
790 2134 862 2164 erat
881 2129 928 2164 vir
946 2128 1110 2176 imprimis
1128 2129 1224 2163 fortis
1243 2141 1282 2163 ac
1302 2129 1466 2169 militaris,
1481 2142 1521 2164 ac
1540 2142 1674 2176 promp-

264 2191 382 2226 tissime
402 2190 445 2225 ad
464 2202 516 2224 res
534 2201 595 2236 pro
614 2188 724 2235 patria
739 2194 772 2222 et
791 2194 909 2222 contra
930 2187 1064 2234 Anglos
1083 2187 1305 2234 capessendas
1321 2188 1446 2230 animo,
1466 2188 1558 2235 spen]
1576 2188 1672 2223 fefel-

264 2251 312 2285 lit.
366 2249 458 2284 Nam
478 2249 510 2283 in
530 2261 571 2283 ea
599 2247 816 2294 expeditione
843 2247 877 2280 in
899 2259 967 2294 qua
993 2246 1037 2280 ad
1058 2245 1179 2281 Vercae
1205 2245 1427 2286 obsidionem,
1454 2247 1674 2281 renuentibus

266 2308 461 2356 proceribus
480 2307 605 2342 fiumen
634 2305 780 2348 transire,
802 2317 922 2353 prorex
941 2305 989 2340 cis
1015 2317 1150 2340 amnem
1176 2305 1316 2347 sederet,
1338 2305 1393 2340 ille
1421 2318 1497 2340 eum
1516 2306 1582 2340 suis
1608 2313 1673 2340 tra—
