1922 2767
725 278 1234 316 WEDDERBURNENSI.
1628 283 1669 315 41

259 400 298 422 ac
321 386 438 421 Humii
458 385 659 425 dominium,
679 397 748 432 quo
767 384 895 431 alioqui
921 396 1097 430 nunquam
1117 383 1231 418 fuiffes
1251 382 1388 430 potituS,
1415 383 1572 422 reddidit,
1592 389 1670 417 tene

259 445 332 491 ejus
352 450 460 479 morte
479 444 632 491 gaudere
650 451 684 478 et
703 443 857 477 exultare
871 444 911 477 1²⁵⁹
967 442 1015 476 Ut
1035 448 1071 476 ut
1090 442 1148 483 est,
1171 442 1381 481 Alexander,
1401 441 1577 476 intellecto
1597 441 1670 487 ejus

260 504 418 543 concilio,
441 515 482 537 eo
509 503 620 549 magis
638 502 801 537 festinans
819 506 967 548 occupat
996 501 1147 535 decimas
1166 501 1340 547 colligere,
1360 506 1393 534 et
1416 499 1670 534 &Vedderburn-

258 575 314 597 um
333 568 537 609 comportat.
592 562 671 602 Quo
690 561 878 602 iiitellectO,
902 560 1078 607 Georgius
1098 572 1202 606 quam
1231 559 1398 594 maximas
1424 558 1535 606 potest
1554 558 1670 605 copias

257 621 438 660 contrahit,
458 620 606 668 plaustra
625 620 729 655 etiam
749 619 885 666 aliaque
904 619 1060 666 frugibus
1089 618 1310 665 deportandis
1339 617 1507 659 vehicula,
1529 623 1565 651 ut
1592 616 1670 651 inde

257 694 315 716 eas
334 681 531 715 deduceret.
584 680 714 714 Verum
746 678 944 713 Alexander
973 684 1007 712 et
1038 677 1191 712 Joannes
1220 676 1455 718 Blacadarius,
1487 675 1670 722 caeterique

257 741 388 781 fratres,
410 739 467 787 qui
487 739 590 774 etiam
610 738 751 773 clientes
770 744 803 772 et
822 737 969 772 famulos
997 737 1073 771 suos
1092 742 1343 777 contraxerant,
1373 748 1412 770 ac
1441 736 1528 769 intra
1557 747 1671 769 arcem

258 798 490 839 continebant,
512 798 690 845 eruptione
717 798 825 836 facta,
845 803 879 830 et
898 809 966 830 uno
985 802 1019 831 et
1038 796 1146 830 altero
1173 808 1215 830 ex
1244 795 1390 830 adversis
1417 795 1513 836 czesO,
1538 794 1670 829 caeteris

258 858 429 905 diffipatis,
451 870 491 892 ac
510 857 542 891 in
562 857 682 904 fugam
702 856 812 897 versis,
835 856 1029 903 Georgium
1048 855 1156 902 ipsum
1181 855 1333 902 capiunt,
1353 861 1386 889 et
1405 854 1497 888 omni
1516 865 1593 888 eum
1612 852 1671 887 ho-

258 930 340 951 nore
360 917 392 951 in
412 928 524 951 arcem
544 916 684 956 ducunt,
714 928 754 949 ac
773 915 866 949 laute
888 927 948 962 per
967 914 1096 961 aliquot
1125 914 1198 948 dies
1226 912 1391 955 habitum,
1413 913 1552 947 domum
1574 911 1672 946 redu-

257 982 360 1015 cunt;
388 975 509 1010 leniter
537 975 645 1022 questi
675 974 764 1009 hanc
792 973 835 1009 ab
864 986 905 1008 eo
930 974 1088 1020 injuriam
1113 973 1243 1020 pupillo
1273 972 1428 1014 illatam3
1457 971 1598 1019 precari,
1629 982 1671 1004 ne

257 1042 386 1069 temere
408 1034 593 1081 quicquam
622 1033 700 1068 mali
727 1033 770 1068 de
798 1033 837 1068 iis
864 1033 1003 1067 auribus
1031 1032 1252 1073 admitteret3
1281 1037 1458 1078 expertum
1487 1037 1560 1064 tum
1587 1029 1671 1076 ipso-

257 1106 343 1133 rum,
362 1099 435 1127 tum
463 1093 575 1127 fratris
605 1093 760 1127 defuncti
788 1092 941 1126 animum
968 1098 1002 1126 et
1021 1104 1185 1138 operam3
1213 1091 1279 1126 effe
1306 1103 1383 1125 eum
1407 1102 1525 1125 eorum
1552 1088 1672 1136 prinei-

258 1165 335 1200 pem
355 1159 388 1187 et
408 1159 510 1199 caput
530 1151 646 1193 tribus,
669 1152 701 1186 se
720 1151 794 1198 ejus
821 1150 887 1185 else
913 1158 1091 1198 cognatos,
1112 1150 1242 1184 honore
1261 1150 1366 1190 omni,
1386 1149 1502 1196 quoad
1530 1148 1672 1195 possent,

257 1212 507 1259 prosecuturos.
561 1210 639 1245 Hoc
658 1210 732 1257 ejus
752 1210 784 1244 in
813 1210 958 1257 pueritia
986 1210 1134 1244 maxime
1161 1209 1384 1244 memorabile
1408 1207 1558 1243 obvenit.
1611 1206 1672 1241 Vir

257 1271 380 1312 sachis,
398 1270 509 1304 statim
532 1269 762 1304 Blac-neffiun
779 1269 811 1302 in
838 1268 1027 1303 custodiam
1047 1281 1066 1303 a
1088 1280 1169 1315 rege
1188 1268 1300 1307 datus,
1320 1280 1361 1302 ac
1379 1267 1424 1302 ibi
1444 1267 1502 1301 diu
1520 1271 1671 1301 retentus

262 1329 320 1370 est,
349 1329 476 1363 nullam
497 1328 541 1363 ob
569 1341 704 1369 noxam,
727 1340 766 1362 ac
787 1340 828 1362 ne
847 1327 938 1362 malo
966 1326 1105 1374 quidem
1133 1327 1222 1374 regis
1241 1327 1274 1361 in
1293 1339 1370 1361 eum
1399 1326 1524 1367 animo,
1554 1325 1610 1359 sed
1629 1337 1671 1358 ne

258 1388 339 1435 quid
359 1400 419 1435 pro
440 1387 626 1428 avunculis,
651 1386 805 1434 Angufio
826 1392 860 1420 et
879 1386 983 1420 fratre
1001 1386 1156 1432 Georgio
1173 1385 1358 1432 Duglaffiis
1373 1385 1486 1419 adhuc
1501 1384 1668 1425 exulibus,

257 1459 364 1494 nepos
383 1447 415 1481 in
435 1446 599 1480 limitibus
618 1445 814 1487 moliretur3
836 1445 928 1492 quod
947 1452 980 1479 et
1000 1445 1097 1479 matri
1112 1444 1351 1492 respondebat,
1371 1450 1404 1479 et
1423 1444 1551 1491 patruis
1570 1455 1671 1478 excu—

258 1506 363 1547 sebai,
384 1518 470 1552 quos
489 1506 686 1552 frequentes
714 1504 804 1551 apud
825 1505 857 1538 se
886 1504 1047 1546 habebat,
1072 1504 1257 1538 Patricium
1287 1504 1320 1538 in
1339 1503 1520 1543 famulitio,
1540 1514 1609 1550 quo
1637 1508 1669 1536 et

258 1565 511 1599 familiariflime
531 1563 700 1605 utebatur,
723 1572 756 1598 et
776 1563 882 1598 solum
902 1564 1014 1597 secum
1034 1563 1194 1597 comitem
1213 1563 1384 1597 interdum
1411 1562 1571 1603 ducebat,
1593 1573 1671 1596 cum

259 1624 339 1659 efi'et
357 1624 465 1658 noetu
492 1623 619 1670 aliquo,
641 1622 732 1669 quod
753 1623 783 1657 ei
805 1622 1034 1662 suetiffimum,
1054 1622 1282 1669 profecturus.
1329 1621 1443 1656 Etiam
1463 1620 1672 1655 ludibundus

260 1683 291 1717 in
311 1695 449 1717 ocream
468 1683 541 1729 ejus
568 1682 708 1721 meibat,
729 1681 855 1728 illeque
884 1681 1052 1728 repellens
1081 1680 1264 1715 dictitabat
1291 1680 1357 1715 effe
1376 1693 1466 1720 eum,
1486 1679 1509 1714 fi
1528 1692 1587 1714 rex
1607 1679 1673 1714 effe

259 1742 366 1789 poflit,
392 1741 651 1788 nequissimum3
681 1740 764 1788 quin
791 1747 825 1775 et
856 1752 933 1774 cuni
963 1752 1021 1774 rex
1044 1739 1275 1786 jocabundus,
1303 1740 1336 1774 se
1358 1739 1673 1774 WYedderburnium

261 1803 441 1848 (nepotem
462 1800 606 1845 scilicet)
627 1799 917 1846 strangulaturum
933 1798 1129 1838 minaretur,
1144 1798 1200 1833 ille
1219 1804 1349 1838 contra,
1371 1802 1392 1818 “
1404 1807 1436 1833 et
1453 1810 1506 1832 me
1522 1809 1672 1844 quoque,

260 1859 449 1907 inquiebat,
471 1865 504 1894 et
523 1864 694 1906 quotquot
721 1859 835 1892 sumus
862 1858 935 1904 ejus
963 1858 1085 1905 patrui,
1107 1870 1174 1892 una
1201 1857 1424 1904 strangulato,
1443 1856 1571 1903 alioqui
1592 1855 1673 1902 (jus-

257 1918 444 1965 jurandum
463 1916 669 1962 adhibebat)
690 1929 752 1952 nos
771 1922 804 1951 te
823 1916 1098 1951 confodiemus.”
1153 1916 1261 1951 Paulo
1281 1922 1360 1950 ante
1386 1921 1541 1957 mortem,
1562 1914 1672 1949 remit-

261 1983 355 2012 tente
375 1978 408 2011 in
429 1976 615 2023 Duglafios
634 1976 695 2016 ira,
715 1976 886 2023 praecipue
914 1975 988 2023 post
1016 1975 1270 2023 expeditionem
1289 1974 1332 2010 ad
1354 1974 1484 2016 Falam,
1505 1986 1583 2008 cum
1602 1973 1674 2020 seg-

262 2037 338 2071 nius
357 2048 460 2083 agere
476 2035 689 2070 nobilitatem
704 2040 869 2077 cerneret,
890 2040 923 2069 et
940 2034 1182 2083 Duglafiorum
1197 2046 1337 2081 operam
1352 2033 1410 2068 fibi
1427 2033 1497 2068 usui
1512 2033 1673 2072 futuram,

261 2108 280 2129 e
299 2094 452 2129 custodia
479 2093 601 2128 dimisit.
627 2093 955 2134 VVedderburnium,
976 2106 1137 2141 equoque
1156 2092 1276 2140 infigni
1296 2092 1445 2134 donavit,
1467 2104 1536 2139 quo
1555 2091 1674 2126 vectus

264 2153 449 2200 Georgius,
468 2153 598 2199 ingenti
617 2152 745 2187 statura
765 2153 823 2195 vir,
847 2158 881 2187 et
908 2151 1062 2187 immensi
1090 2152 1261 2199 ponderis,
1278 2152 1382 2186 etiam
1409 2157 1570 2191 armatus,
1591 2150 1674 2184 alios

262 2213 408 2247 inermes
427 2218 461 2246 et
479 2211 669 2258 expeditos,
690 2212 786 2246 cursu
805 2211 1056 2258 praevertebat3
1081 2224 1101 2245 a
1123 2210 1228 2245 Carso
1249 2209 1433 2245 Montetho
1453 2209 1523 2256 regi
1543 2209 1672 2249 datum,

266 2271 394 2306 Album
415 2270 559 2305 Carsuni
587 2269 847 2316 nuncupabant.
903 2270 997 2304 Dum
1026 2269 1232 2304 Black-nesti
1260 2269 1318 2311 est,
1347 2281 1389 2303 ex
1420 2267 1573 2315 praefecti
1593 2267 1672 2307 filia,

264 2330 383 2377 genuit
402 2329 507 2364 filium
528 2328 708 2370 Davidem,
730 2328 913 2364 candidum
933 2329 1075 2371 dietum,
1092 2328 1136 2363 ob
1151 2328 1263 2363 vultus
1282 2334 1315 2363 et
1334 2327 1533 2374 capillorum
1548 2325 1672 2360 cando-

1441 2397 1459 2419 F
