1922 2767
231 281 276 316 68
678 278 745 314 DE
775 278 995 314 FAMILIA
1024 277 1198 313 HUMIA

233 388 396 435 principe,
418 393 530 423 vetere
549 392 703 435 patrono,
724 392 758 422 et
776 392 872 434 patre
891 386 1012 434 capitis
1031 386 1302 428 diminutionem,
1323 392 1460 433 propter
1479 386 1644 421 defectio-

233 460 312 482 nem
332 447 375 482 ad
396 446 540 493 Reginae
558 451 682 493 partes,
703 445 807 493 pafl'o,
827 458 890 480 nec
909 445 990 479 dum
1008 445 1212 492 postliminio
1231 444 1397 480 restituto.

284 505 361 541 Nec
380 506 545 540 minorem
564 505 594 539 ei
613 504 758 552 gloriam
777 504 909 551 peperit
922 516 997 538 rara
1011 504 1045 538 in
1061 504 1235 539 elocandis
1250 503 1418 539 sororibus
1431 516 1522 546 cura,
1541 517 1645 551 quam

233 566 349 600 secuta
373 571 406 600 et
432 564 577 599 felicitas
603 563 661 605 est,
689 563 893 598 conciliante
920 563 984 597 illis
1011 575 1163 597 amorem
1189 562 1308 610 insigni
1334 563 1451 597 matris
1469 564 1645 604 memoria,

235 630 269 659 et
286 624 432 671 ipsarum
451 623 523 670 pari
543 622 667 664 indole,
689 628 722 656 et
740 623 850 656 forma
868 621 1020 656 honesta.
1074 620 1121 655 Et
1149 621 1314 656 Iffobellae
1340 621 1476 656 locandi
1508 622 1646 669 quidem

234 683 303 717 fors
324 682 412 729 juvit
439 693 566 716 curam.
619 680 794 715 ,Iohannes
824 680 1005 715 Haldanus
1034 679 1263 727 Gleneglifius
1289 680 1365 727 (seu
1386 680 1647 727 Vall-aguilius)

235 753 313 775 cum
339 740 383 774 ad
411 739 634 781 Mortonium,
661 745 733 773 tum
751 751 943 786 proregem,
964 744 1001 773 ut
1026 739 1068 773 de
1086 739 1303 774 matrimonio
1322 738 1530 786 transigeret,
1552 739 1649 786 cujus

229 800 286 846 jus
314 799 357 833 ad
384 811 473 839 eum,
502 804 582 833 tunc
608 798 705 845 regni
729 803 763 832 et
782 798 871 844 regis
890 796 1076 838 custodem,
1098 797 1301 844 pertinebat,
1322 797 1471 839 venisset,
1493 798 1548 832 ille
1567 810 1647 833 con-

234 858 347 893 festim
372 858 405 892 se
432 870 532 892 omne
554 857 611 904 jus
638 857 732 891 suum
762 856 926 891 Iffobellae
953 855 1086 897 cedere,
1115 856 1187 897 iret,
1209 861 1243 890 et
1262 856 1368 903 ipsam
1386 862 1420 891 et
1439 856 1472 891 id
1492 857 1648 891 sumeret.

233 917 342 952 Erant
369 929 447 952 cum
475 915 637 951 Haldano
665 915 732 950 duo
759 915 882 961 patrui,
912 914 1105 949 Richardus
1141 920 1174 948 et
1202 913 1385 955 Robertus,
1413 915 1495 949 item
1532 915 1646 950 David

237 975 422 1011 Ereskinus
443 975 605 1021 Driburgi
625 972 866 1008 coenobiarcha
883 987 891 1015 3
917 972 963 1012 hi,
987 972 1070 1006 nihil
1089 972 1254 1012 cunctati,
1276 973 1577 1008 VVedderburnum
1595 987 1651 1009 ve-

234 1035 344 1074 niunt,
362 1035 469 1081 ipsam
488 1039 566 1068 ante
585 1034 678 1067 fama
697 1032 872 1078 cognitam
892 1031 1018 1070 vident,
1038 1031 1282 1077 alloquuntur;
1308 1031 1420 1078 placet
1438 1046 1446 1074 3
1476 1045 1554 1067 cum
1580 1034 1646 1068 fra-

239 1100 289 1128 tre
309 1098 430 1140 agunt,
450 1092 651 1138 transigunt,
670 1096 705 1125 et
723 1091 796 1125 dies
815 1102 875 1137 pro
894 1090 1006 1124 fratris
1025 1089 1163 1123 arbitrio
1178 1090 1305 1136 nuptiis
1320 1090 1443 1130 diclus,
1460 1091 1513 1125 cui
1528 1091 1652 1126 statum

239 1159 311 1187 erat
330 1165 432 1199 quam
452 1150 637 1186 honorifice
656 1162 733 1184 eam
753 1149 945 1189 dimittere3
972 1148 1065 1195 quod
1084 1153 1118 1182 et
1136 1148 1279 1190 faenum,
1301 1161 1361 1195 pro
1382 1149 1552 1196 utriusque
1580 1150 1653 1197 dig-

239 1211 358 1251 nitate,
386 1211 465 1245 satis
488 1209 665 1256 splendido
693 1213 872 1255 apparatu,
903 1207 972 1254 qui,
1000 1207 1087 1241 inter
1114 1212 1249 1246 caetera,
1269 1207 1458 1254 prudentiae
1476 1208 1605 1243 famam
1623 1209 1653 1243 ei

241 1270 351 1310 auxit3
378 1268 540 1310 habebat,
561 1268 649 1302 enim
670 1267 764 1307 illud,
784 1273 819 1301 ut
839 1267 969 1300 summa
987 1265 1167 1313 prudentia
1186 1266 1352 1306 convivia,
1379 1267 1514 1313 quoties
1540 1267 1652 1309 vellet,

242 1328 432 1362 instrueret.
486 1326 589 1367 Quod
616 1326 640 1360 fi
666 1338 783 1360 verum
810 1325 893 1359 illud
913 1324 960 1359 est
981 1325 1036 1371 (ut
1054 1324 1178 1369 fertur)
1199 1324 1349 1371 ejusdem
1368 1325 1558 1372 prudentiae
1577 1325 1654 1366 effe,

243 1387 353 1422 aciem
381 1392 499 1421 contra
518 1385 649 1420 hostem
669 1384 843 1424 instruere,
864 1390 900 1417 ut
918 1383 956 1417 fit
975 1395 1078 1430 quam
1098 1383 1247 1418 maxime
1265 1384 1502 1424 formidabilis,
1522 1390 1556 1419 et
1575 1397 1654 1419 con-

241 1446 366 1480 vivium
394 1444 523 1484 amicis,
551 1450 587 1478 ut
614 1456 719 1491 quam
743 1442 891 1478 maxime
919 1441 1143 1483 delectabilis,
1170 1454 1271 1477 nemo
1291 1442 1321 1477 ei
1340 1442 1460 1477 melius
1479 1443 1589 1478 aciem
1607 1443 1655 1477 in-

241 1504 417 1539 struxisset.
471 1503 731 1538 Matrimonium
756 1508 881 1543 autem,
912 1502 1067 1548 quamvis
1091 1501 1269 1535 fortuitum
1296 1501 1400 1536 videri
1419 1508 1564 1549 poterat,
1591 1515 1655 1537 nec

244 1562 345 1610 ipsius
372 1575 453 1597 cura
476 1562 620 1603 factum,
650 1561 706 1595 sed
728 1561 882 1607 proregis
900 1559 1154 1600 benevolentia,
1173 1566 1288 1594 tamen
1308 1566 1340 1595 et
1358 1560 1448 1595 hanc
1466 1561 1498 1595 in
1517 1561 1655 1596 laudem

243 1620 432 1662 vertebant,
461 1626 626 1667 tanquam
652 1620 775 1654 virtute
799 1618 900 1666 ipsius
926 1618 1104 1658 meritam;
1131 1624 1165 1653 et
1184 1619 1316 1653 animus
1335 1631 1417 1666 erga
1435 1619 1592 1661 sororem,
1622 1626 1656 1654 et

244 1680 499 1727 magnificentia
518 1679 551 1713 in
571 1678 736 1720 convivio,
757 1683 791 1713 et
809 1677 995 1712 liberalitas
1014 1677 1047 1711 in
1067 1677 1159 1711 cultu
1178 1683 1306 1724 nuptae,
1325 1678 1382 1724 qui
1402 1683 1493 1712 totus
1517 1678 1560 1712 ab
1585 1678 1655 1725 ipso

246 1745 330 1778 erat,
348 1738 451 1785 vulgo
471 1737 665 1772 hominibus
682 1737 832 1770 maximo
852 1736 970 1782 plausu
1001 1735 1268 1782 accipiebantur.
1322 1736 1548 1783 Margaritam
1573 1743 1657 1771 natu

245 1797 434 1844 proximam
456 1795 615 1830 Rentono
632 1795 733 1830 Billio
748 1795 987 1834 destinaverat,
1003 1800 1036 1828 et
1051 1807 1139 1836 eum,
1157 1800 1193 1829 ut
1209 1795 1421 1836 consentiret,
1439 1795 1655 1842 perduxerat.

246 1856 376 1890 Verum
396 1855 477 1902 ipsa,
492 1860 588 1901 patre
604 1853 715 1888 adhuc
730 1853 915 1901 superstite,
934 1852 1061 1887 Davidi
1078 1853 1207 1887 Humio
1226 1853 1493 1901 Coldingliamio
1508 1854 1541 1888 in
1557 1854 1654 1897 colle,

247 1926 350 1961 quem
371 1912 482 1947 Laum
500 1917 636 1952 vocant,
655 1913 748 1959 spem
766 1912 960 1958 nuptiarum
980 1912 1121 1951 fecerat,
1140 1911 1245 1946 verita
1260 1924 1302 1946 ne
1322 1924 1475 1947 novercae
1490 1913 1657 1948 tenacitas

246 1973 378 2019 majora
392 1971 582 2018 impediret,
600 1983 663 2005 nec
682 1984 701 2005 a
720 1970 890 2017 proposito
906 1970 1029 2005 deduci
1045 1975 1190 2015 poterat.
1236 1969 1304 2004 Hic
1323 1970 1440 2017 itaque
1453 1971 1609 2007 voluntas
1623 1978 1657 2007 et

248 2043 329 2066 cura
355 2035 388 2065 et
414 2030 594 2077 prudentia
620 2029 712 2063 laudi
736 2028 965 2070 vertebantur,
994 2034 1117 2063 caetera
1135 2040 1203 2062 non
1222 2034 1317 2063 erant
1336 2028 1447 2076 ipsius.
1502 2029 1657 2065 Tertiam

248 2089 446 2125 Juliannam
465 2088 615 2123 Johanni
637 2088 728 2122 Caro
749 2087 930 2122 Litledeno
948 2093 1092 2134 nuptum
1111 2087 1215 2129 dedit,
1236 2093 1270 2122 et
1288 2087 1404 2123 dotem
1428 2088 1561 2123 addidit
1582 2102 1656 2136 por-

248 2148 350 2183 tionis
369 2160 389 2182 a
407 2153 503 2194 patre
521 2147 650 2182 relictae
669 2146 818 2193 duplam,
840 2146 896 2180 ubi
916 2151 949 2180 et
962 2145 1149 2180 liberalitas
1168 2146 1251 2192 ejus,
1273 2152 1306 2181 et
1325 2147 1523 2189 auctoritas,
1544 2148 1656 2195 impri—

251 2207 325 2249 mis,
354 2206 479 2241 eluxit:
507 2205 551 2240 ob
578 2205 678 2253 ipsius
704 2205 794 2240 enim
819 2204 1015 2244 amicitiam,
1043 2217 1092 2239 eae
1119 2205 1308 2240 conciliatae
1334 2206 1410 2240 sunt
1427 2206 1566 2254 nuptiae,
1586 2207 1658 2241 sua-

253 2266 355 2300 dente
370 2265 403 2300 id
416 2265 552 2312 juvenis
570 2270 666 2312 patre
688 2263 865 2304 Gualtero,
879 2264 933 2298 cui
953 2276 1047 2298 acres
1066 2276 1143 2298 cum
1157 2263 1413 2306 Manderstono,
1428 2270 1462 2299 et
1476 2265 1657 2305 Huttonio,

254 2331 287 2360 et
309 2323 560 2367 Coldincnolio,
575 2322 723 2364 Humiis,
742 2322 992 2358 decertationes
1011 2328 1118 2365 erant,
1136 2335 1154 2358 a
1173 2328 1270 2370 patre
1286 2323 1427 2358 Andrea
1445 2322 1658 2358 haeriditariae
