1922 2767
710 288 1225 327 WEDDERBURNENSI.
1639 298 1684 334 79

260 398 406 440 poterat,
426 392 543 441 abegit
570 398 639 428 tam
658 393 751 428 lento
771 393 897 440 gradu,
917 399 953 428 ut
973 394 1117 440 spatium
1137 395 1167 429 ei
1187 395 1301 437 fuerit,
1323 396 1528 431 avunculum
1549 397 1680 433 Edmis-

258 458 388 494 tonum,
417 452 474 499 qui
501 458 649 499 quatuor
668 452 747 487 inde
766 452 920 500 pass'uum
941 452 1088 487 millibus
1107 453 1299 493 habitabat,
1319 455 1497 489 certiorem
1518 456 1678 497 faciendi,

257 516 293 545 ut
312 510 354 545 ad
374 522 433 545 eos
452 510 638 553 advolaret,
660 524 737 546 cum
756 511 909 546 nondum
930 511 1223 552 Darnchestriam,
1243 525 1320 559 quae
1340 513 1387 547 cis
1408 512 1590 548 Hirsellam
1606 515 1679 549 mil-

255 569 338 604 liare
354 582 457 604 unum
472 570 578 616 jacet,
593 569 829 617 perveniss'ent.
876 570 908 605 Is
927 583 1035 611 orare,
1056 577 1093 605 ut
1112 583 1239 618 pecora
1255 572 1486 612 remitterent,
1506 573 1539 607 se
1555 574 1678 608 vadem

253 628 337 670 fore,
357 629 415 663 nifi
435 629 478 663 de
496 628 655 663 omnibus
672 629 795 669 Carus,
813 634 893 664 ante
910 635 1041 663 certum
1056 629 1158 671 diem,
1176 630 1394 672 satisfaceret,
1413 643 1538 677 pecora
1554 632 1677 667 eodem

254 686 330 722 loco
350 687 526 722 staturum.
581 687 671 722 Cum
684 700 752 722 non
766 688 974 729 conveniret,
992 700 1027 722 re
1042 688 1174 723 infecta
1193 688 1381 729 disceffum,
1404 689 1495 723 Caro
1511 691 1678 737 nusquam

254 746 287 780 se
305 752 477 786 movente,
497 758 574 781 cum
594 746 703 794 pridie
723 746 815 794 apud
834 746 1037 786 adulteram,
1057 759 1134 793 quae
1153 747 1219 782 hoc
1238 748 1357 795 ipsum,
1379 754 1415 782 ut
1434 754 1580 791 caveret,
1598 762 1678 784 eum

253 804 688 852 admonuerat,jactitaffet
701 805 875 840 neminem
890 805 924 840 id
940 811 1073 840 tentare
1089 806 1258 845 ausurum,
1269 806 1383 853 seque,
1394 806 1415 840 fi
1431 807 1507 853 quis
1522 807 1675 849 auderet,

252 864 343 899 male
370 876 448 898 eum
474 864 733 899 mulctaturum.
788 864 937 899 Gravius
965 864 1039 911 post
1066 864 1198 912 aliquot
1222 865 1354 899 menses
1379 871 1563 908 certamen,
1585 879 1674 909 cum,

253 923 348 957 mifi'o
374 923 501 963 feciali,
522 922 635 970 jussus
657 923 768 958 Carus
794 923 977 958 Hirsellam
997 935 1110 958 arcem
1139 923 1271 958 dedidit
1298 923 1450 970 quidem,
1471 937 1585 959 verum
1605 926 1675 972 ipse

251 982 284 1016 in
304 981 442 1023 horreis,
463 994 540 1029 quae
554 982 655 1029 juxta
673 988 781 1024 erant,
803 982 959 1017 substitit.
1014 982 1096 1016 Arci
1118 982 1292 1029 Georgius
1306 982 1513 1025 Johannffln,
1535 984 1674 1019 fratrem

249 1047 333 1075 natu
360 1040 548 1082 minimum,
573 1041 785 1088 praefecerat,
813 1041 1061 1088 addideratque
1084 1041 1203 1088 viginti
1228 1047 1378 1088 quatuor
1401 1042 1545 1077 militum
1565 1043 1673 1090 praefi-

249 1099 366 1142 dium,
395 1100 475 1146 ipse,
504 1100 616 1147 pactis
643 1100 676 1134 in
703 1100 794 1134 diem
819 1100 955 1134 tertium
979 1100 1135 1142 induciis,
1164 1100 1305 1135 domum
1327 1101 1438 1136 rediit.
1494 1102 1616 1143 Carus,
1636 1109 1673 1138 ut

246 1159 327 1193 rixae
346 1157 559 1193 occasionem
579 1159 712 1200 sereret,
734 1158 924 1206 prfesldium
944 1159 1037 1206 quod
1057 1159 1090 1193 in
1110 1172 1189 1194 arce
1209 1166 1293 1201 erat,
1315 1160 1436 1207 aquari
1455 1161 1585 1202 vetuit3
1613 1174 1670 1197 ne-

249 1217 316 1252 scio
336 1217 417 1264 quid
437 1217 538 1252 inane
557 1223 759 1264 praetexens,
780 1217 875 1265 quasi
894 1218 1014 1258 amnis,
1035 1218 1093 1265 qui
1113 1231 1226 1253 arcem
1249 1220 1448 1266 praeterfluit
1473 1220 1516 1254 ad
1544 1221 1671 1256 ducen-

248 1281 301 1310 tos
328 1275 422 1323 quasi
449 1276 573 1323 pass'us,
598 1276 658 1316 sui,
683 1289 750 1311 non
780 1277 927 1324 ipsorum
945 1277 1031 1323 juris
1050 1278 1151 1312 foret.
1206 1277 1244 1312 Id
1272 1290 1340 1312 non
1368 1279 1482 1314 ferens
1508 1279 1670 1320 Humius,

248 1335 324 1370 suos
351 1335 395 1369 ad
420 1347 572 1382 pugnam
600 1344 739 1382 paratos
758 1335 888 1375 eduxit,
908 1342 942 1370 et
961 1348 1039 1370 cum
1059 1342 1224 1383 aquatum
1244 1337 1324 1372 satis
1343 1337 1436 1377 esset,
1452 1339 1607 1380 reduxit3
1635 1345 1669 1374 et

250 1394 454 1441 Georgium,
481 1394 576 1429 miss'o
603 1394 740 1436 nuncio,
768 1394 810 1429 de
837 1394 971 1429 violatis
999 1394 1143 1430 induciis
1170 1395 1334 1430 continuo
1362 1397 1542 1431 certiorem
1573 1398 1667 1433 facit.

249 1452 311 1488 Ille
325 1453 512 1494 Davidem,
532 1466 610 1488 cum
626 1453 807 1500 ofitoginta
820 1453 1005 1500 equitibus,
1021 1454 1115 1488 fratri
1128 1454 1291 1488 auxilium
1304 1455 1419 1495 mittit,
1429 1461 1473 1497 et,
1485 1461 1521 1490 ut
1539 1456 1669 1492 Carum

247 1512 395 1559 capiant,
416 1512 582 1555 mandat3
610 1525 727 1547 verum
748 1513 814 1554 ille,
836 1513 892 1547 seu
912 1513 1133 1559 praemonitus
1152 1513 1322 1554 alicunde,
1343 1514 1400 1548 seu
1426 1515 1508 1561 quid
1527 1516 1668 1551 meritus

245 1571 326 1606 ess‘et
345 1571 562 1613 conscientia,
584 1572 617 1606 se
636 1584 676 1606 ac
695 1571 786 1606 bona
810 1571 936 1613 omnia,
967 1578 1046 1606 ante
1073 1584 1191 1607 eorum
1220 1572 1416 1615 adventum,
1446 1573 1666 1615 subduxerat,

244 1642 370 1677 pecora
396 1636 488 1665 trans
517 1630 677 1665 Tuedam
705 1630 748 1665 ad
774 1630 896 1665 Vercae
922 1643 1062 1678 campos
1088 1636 1217 1678 egerat,
1244 1631 1313 1678 ipse
1338 1631 1371 1666 in
1393 1631 1600 1675 Teviotiam,
1621 1633 1666 1668 ad

245 1701 396 1730 manum,
425 1701 530 1736 quam
557 1689 743 1723 maximam
770 1695 916 1736 poterat,
944 1689 1223 1736 comparandam,
1250 1689 1393 1725 abierat.
1448 1690 1562 1725 David
1586 1705 1664 1727 cum

243 1760 322 1783 eum
341 1747 462 1782 frustra
480 1747 745 1795 pervestigaffet,
767 1754 859 1783 trans
880 1747 1040 1782 Tuedam
1060 1748 1104 1782 ad
1123 1761 1249 1795 pecora
1267 1749 1464 1784 reducenda
1483 1750 1586 1793 vadit,
1611 1751 1663 1786 iis-

243 1820 310 1854 que
329 1819 388 1854 per
407 1807 525 1848 otium,
545 1807 682 1842 nemine
701 1807 920 1854 impediente,
942 1807 1153 1850 immoratus,
1174 1813 1290 1843 tamen
1309 1809 1402 1843 nulla
1428 1815 1499 1844 arte
1526 1810 1662 1845 efficere

242 1866 364 1913 potuit,
394 1871 429 1900 ut
456 1867 583 1900 flumen
611 1866 856 1912 ingredientur,
884 1873 918 1900 et
945 1867 1112 1912 quamvis,
1139 1866 1299 1914 cymbula
1320 1868 1521 1903 transvectis
1550 1869 1661 1916 agnis,

241 1925 415 1960 secuturas
433 1937 514 1959 oves
533 1925 696 1966 crederet,
718 1931 833 1959 tamen
853 1925 973 1959 frustra
992 1925 1023 1959 ei
1050 1925 1126 1960 fuit.
1183 1925 1255 1960 Sub
1279 1926 1399 1961 horam
1426 1927 1492 1961 diei
1520 1939 1658 1968 nonam,

241 1983 363 2018 certior
389 1984 504 2019 factus
530 1983 579 2018 est
605 1983 753 2031 coegiss‘e
781 1983 909 2018 Carum
936 1984 1015 2018 satis
1037 1985 1252 2019 numerosam
1272 1985 1426 2033 equitum
1446 1999 1486 2021 ac
1504 1986 1659 2033 peditum

239 2054 390 2084 manum,
419 2055 459 2077 ac
485 2054 564 2076 mox
591 2042 707 2077 affore.
762 2042 884 2089 Itaque
911 2055 954 2077 ne
981 2048 1139 2090 receptus
1166 2048 1332 2091 tanquam
1357 2045 1474 2091 turpis,
1498 2058 1538 2080 ac
1564 2046 1657 2093 fugae

236 2101 347 2148 specie
366 2101 523 2135 infamari
542 2100 661 2147 posset,
681 2101 938 2148 expectandum
957 2100 1017 2136 fibi
1039 2101 1176 2142 statuit;
1204 2102 1339 2137 interim
1366 2104 1494 2150 fruges,
1522 2116 1598 2150 quae
1622 2105 1655 2139 in

212 2158 536 2206 “longinquioribus
559 2158 688 2194 horreis
710 2160 753 2194 ad
776 2160 931 2207 Spilaum
951 2166 1058 2199 erant,
1078 2160 1111 2194 in
1131 2173 1245 2196 arcem
1263 2162 1528 2209 comportandas
1547 2169 1653 2205 curat,

239 2223 273 2253 et
291 2230 369 2253 cum
391 2218 512 2260 Carus,
532 2217 616 2252 hora
635 2218 767 2253 circiter
785 2219 979 2261 undecima,
1001 2231 1078 2254 curn
1097 2225 1234 2254 centum
1255 2220 1373 2267 viginti
1394 2220 1577 2267 equitibus,
1596 2234 1654 2268 pe-

239 2276 365 2311 ditibus
383 2277 555 2318 trecentis,
576 2277 609 2311 in
629 2277 850 2324 conspectum
870 2278 973 2317 venit,
993 2278 1090 2325 equis
1110 2279 1244 2319 amotis,
1260 2284 1293 2313 et
1313 2279 1400 2313 intra
1416 2291 1528 2313 arcem
1548 2279 1653 2315 inclu-

237 2335 288 2378 fis,
305 2335 381 2370 suos
399 2335 432 2371 in
452 2335 610 2371 colliculo
629 2335 811 2372 instructos
830 2342 934 2379 tenet,
955 2343 989 2371 et
1007 2349 1134 2384 pugnae
1149 2337 1284 2384 copiam
1299 2337 1393 2372 facit.
1448 2337 1559 2373 Carus
1573 2351 1650 2373 cum
