1922 2767
281 298 326 331 50
727 293 794 330 DE
824 293 1043 329 FAMILIA
1073 293 1247 329 HUMIA

281 399 407 428 terrore
426 393 565 440 inje6‘t0‚
586 398 622 427 ut
642 393 793 440 undique
820 393 970 427 latebras
996 392 1090 440 fugae
1117 392 1240 439 trepidi
1259 398 1473 439 quaererent;
1501 391 1556 426 hic
1574 392 1607 426 iu
1631 404 1689 439 ge-

282 451 379 492 nista,
398 452 484 487 alius
502 451 561 486 sub
580 452 727 486 fluminis
745 451 834 498 ripis,
856 451 941 485 alius
960 451 1045 486 inter
1060 452 1193 497 segetes
1206 451 1353 491 latitare,
1369 463 1498 493 omnes,
1515 463 1584 498 qua
1602 451 1688 498 quis-

282 523 350 557 que
380 517 524 558 poterat,
552 511 724 557 fugerent.
775 510 928 545 Joannes
959 509 1179 556 Edingtonus
1207 510 1328 556 (quem
1355 510 1457 557 vulgo
1486 510 1689 545 mendacem

283 569 501 616 usurpabant,
521 569 624 616 quod,
644 580 809 603 novorum
828 569 959 615 semper
977 568 1131 610 nuncius,
1152 568 1273 614 saepius
1290 568 1374 602 falsa
1392 569 1563 615 narraret)
1584 569 1687 603 etiam

280 628 313 662 in
328 628 546 675 pauperculae
565 628 757 669 armarium,
778 627 868 662 unde
887 639 1014 673 magno
1042 639 1118 662 cum
1150 627 1214 661 risu
1240 626 1397 667 hostium,
1423 628 1551 674 suoque
1578 633 1682 668 metu,

284 688 458 722 extractus
477 687 536 721 est.
590 686 659 721 Ubi
678 686 799 721 resedit
828 698 932 733 pavor
951 692 984 720 et
1002 686 1159 720 rescitum
1182 685 1229 720 est
1255 686 1427 720 neminem
1455 686 1581 728 laesum,
1602 686 1690 721 adeo

280 745 411 779 ridiculi
429 751 463 780 et
481 745 540 779 fibi
559 751 592 780 et
611 745 685 780 aliis
704 744 761 779 vifi
780 746 864 786 sunt,
898 750 933 778 ut
964 744 1156 791 Hepburna
1177 745 1232 791 (ut
1262 750 1334 779 erat
1364 745 1492 792 ingenii
1524 757 1591 779 non
1618 745 1689 779 ina-

280 805 394 846 moeni,
416 810 450 839 et
468 804 510 838 ad
529 804 676 851 poetica,
698 809 735 838 ut
753 803 905 845 foemina,
936 815 1003 837 non
1036 803 1160 850 inepti)
1180 816 1251 838 rem
1280 809 1388 838 totam
1416 803 1599 838 vernaculo
1618 816 1689 838 car-

279 863 369 897 mine
387 863 509 897 ludens
529 862 749 909 descripserit.
803 861 881 896 Nec
908 862 1026 909 postea
1053 862 1239 908 quicquam
1258 874 1278 896 a
1296 862 1471 896 foederatis
1498 868 1689 897 tentatum:

279 922 344 956 hac
363 921 610 962 moderatione,
629 927 663 956 et
682 920 864 968 prudentia
890 932 958 954 non
985 932 1125 967 parvam
1154 920 1302 962 laudem,
1324 920 1590 955 adversariorum
1611 933 1689 956 con-

280 980 420 1015 fessione
439 980 608 1021 obtinuit3
638 992 691 1014 res
710 985 825 1014 autem
845 991 886 1013 eo
905 978 1057 1013 deduaa
1075 984 1111 1013 ut
1132 978 1334 1025 Hepburna‚
1354 978 1437 1013 dicis
1466 979 1578 1021 causa,
1599 979 1689 1014 deci-

280 1052 354 1074 mas
373 1039 561 1085 colligeret,
581 1038 745 1073 collectas
765 1037 891 1072 Davidi
920 1037 1068 1076 cederet,
1088 1037 1212 1084 quibus
1238 1037 1293 1072 ille
1322 1037 1454 1084 postea,
1472 1037 1556 1073 ficut
1575 1045 1687 1080 antea,

280 1104 441 1139 uteretur,
461 1098 640 1132 frueretur.
694 1097 754 1131 Illa
776 1096 924 1131 Nirbetti
945 1096 1118 1130 orientalis
1144 1096 1283 1130 domum
1308 1109 1366 1131 eas
1395 1103 1607 1144 comportat;
1635 1098 1690 1132 ille

280 1156 446 1191 famulum
468 1156 659 1202 Georgium
681 1155 829 1190 Lethum
848 1155 961 1196 mittit,
984 1155 1053 1202 qui,
1082 1154 1217 1189 excusso
1244 1155 1415 1189 frumento
1444 1162 1477 1190 et
1506 1168 1582 1190 cum
1610 1156 1690 1190 stra-

281 1216 372 1249 mine
391 1215 582 1262 deportato‚
603 1214 739 1262 paleam
759 1214 829 1261 igni
849 1213 1041 1248 combussit.
1095 1213 1173 1247 Hoc
1192 1213 1246 1248 vel
1266 1213 1372 1248 solum
1390 1214 1524 1248 facinus
1542 1214 1690 1249 testimo-

279 1274 336 1308 nio
355 1274 421 1308 effe
441 1273 548 1320 poflit,
567 1285 671 1320 quam
690 1272 843 1307 modeste
862 1272 1017 1319 potentia
1033 1273 1101 1312 sua,
1121 1271 1318 1307 adversariis
1332 1272 1501 1307 immerito
1516 1273 1690 1314 invidiosa,

282 1332 400 1367 Humii
420 1338 568 1371 utantur,
588 1338 622 1366 et
641 1330 663 1365 fi
683 1331 833 1366 sanabile
854 1331 1033 1378 ingenium
1052 1331 1091 1365 iis
1111 1331 1203 1371 efl'et,
1223 1332 1340 1365 sanare
1359 1331 1501 1371 constat,
1520 1344 1583 1367 nec
1602 1332 1691 1380 ipsos

280 1391 417 1438 quidem
437 1403 565 1437 negare
584 1390 649 1425 boc
668 1390 780 1437 pofi'e3
799 1402 864 1425 nec
882 1402 1011 1436 negare
1030 1389 1212 1430 interdum,
1231 1390 1302 1436 ipsa
1320 1389 1470 1424 veritatis
1485 1390 1515 1424 vi
1531 1397 1690 1438 cogente,

280 1461 356 1484 cum
376 1449 459 1483 serio
478 1449 572 1495 loqui
592 1448 686 1490 libet,
708 1455 744 1483 ut
764 1460 842 1483 cum
871 1460 989 1482 eorum
1017 1448 1178 1495 praecipui
1207 1447 1347 1494 quidam
1370 1448 1457 1482 forte
1485 1448 1634 1491 eoiffent,
1655 1456 1689 1484 et

279 1508 407 1554 inje&o
426 1507 469 1542 de
488 1507 625 1542 Humiis
643 1507 809 1547 sermone,
828 1507 882 1542 bic
898 1513 1052 1542 aromata
1071 1519 1141 1547 eos,
1161 1507 1216 1541 ille
1231 1506 1330 1541 fabas
1344 1506 1414 1541 fieri
1434 1506 1586 1554 optabat,
1604 1520 1689 1554 quas

278 1572 436 1601 vorarent
465 1566 593 1600 etiamsi
621 1566 724 1600 medii
754 1572 975 1612 rumpantur3
1004 1565 1143 1600 tandem
1175 1577 1251 1600 cum
1281 1565 1396 1599 omnia
1424 1565 1650 1606 effutiviffent,
1671 1579 1689 1601 e

280 1625 394 1660 medio
426 1625 579 1671 quidam,
601 1624 716 1671 “quid
736 1624 923 1662 dicemus,''
952 1624 1073 1671 inquit,
1102 1623 1159 1658 “fi
1177 1623 1378 1658 tantundem
1409 1624 1590 1670 possemus,
1619 1637 1689 1660 mo-

279 1683 442 1723 lestiores,
462 1683 576 1723 credo,
595 1683 723 1717 vicinos
741 1695 804 1717 nos
823 1683 1055 1729 experirentur
1073 1682 1265 1717 homines.”
1320 1681 1462 1729 Insignis
1477 1683 1686 1726 aemulorum,

279 1742 337 1788 qui
356 1742 389 1775 in
408 1741 668 1788 quibuscunque
695 1741 852 1776 humanis
882 1740 1077 1776 defectibus
1096 1740 1154 1775 fibi
1176 1740 1364 1787 gaudeant,
1392 1741 1562 1784 confeffio,
1584 1754 1688 1789 quam

278 1800 450 1847 praeterire
468 1799 611 1839 filentio,
630 1811 708 1833 cum
736 1811 789 1834 res
817 1799 882 1834 dici
912 1799 1108 1845 postularet,
1130 1805 1188 1833 aut
1221 1799 1332 1839 ferret,
1351 1799 1432 1833 mihi
1460 1799 1539 1834 sane
1568 1800 1688 1848 religio

278 1859 363 1893 fuit:
391 1864 427 1893 ut
446 1864 479 1892 et
498 1858 705 1892 conscientia
723 1858 893 1899 fruamini,
914 1864 947 1892 et
978 1870 1076 1904 porro
1104 1857 1148 1892 sic
1179 1857 1340 1904 pergatis,
1368 1870 1439 1898 vos,
1468 1870 1573 1905 penes
1601 1871 1687 1906 quos

278 1917 428 1951 maxima
457 1916 654 1958 auctoritas,
685 1916 845 1956 minores,
864 1916 887 1950 fi
906 1916 987 1963 quid
1017 1923 1173 1962 peccent,
1200 1916 1232 1950 in
1261 1915 1414 1950 ordinem
1443 1917 1587 1964 cogatis.
1641 1917 1687 1952 Et

278 1975 352 2010 haec
379 1975 573 2009 humanitas
601 1981 634 2008 et
661 1974 864 2009 moderatio.
918 1974 1109 2014 Fortitudo,
1141 1974 1327 2009 domestica
1354 1974 1400 2009 illi
1420 1981 1453 2009 et
1471 1975 1686 2011 haereditaria

279 2034 393 2075 virtus,
414 2033 549 2080 quoties
564 2032 680 2067 oblata
707 2032 848 2074 occafio,
869 2032 961 2066 haud
990 2033 1197 2080 degenerem
1217 2033 1249 2067 se
1268 2033 1423 2075 ostendit,
1444 2034 1546 2068 semel
1565 2046 1687 2082 oppor-

279 2098 372 2126 tune.
426 2091 554 2126 Nescio
573 2103 642 2138 qua
660 2091 710 2126 ira
728 2091 814 2125 inter
832 2103 910 2126 eum
929 2097 963 2125 et
981 2091 1144 2126 Osellium
1166 2091 1306 2125 Gallum
1325 2097 1421 2134 orta;
1442 2104 1483 2127 eo
1502 2093 1683 2140 praeteritO,

281 2150 404 2185 Gallus
422 2150 642 2196 irruptionem
660 2150 694 2184 in
715 2149 879 2197 Angliam
897 2149 1036 2191 fecerat,
1057 2161 1135 2184 cum
1154 2150 1185 2183 in
1206 2149 1315 2184 reditu
1334 2157 1553 2197 premeretur,
1570 2157 1603 2186 et
1618 2158 1685 2186 tur-

278 2209 366 2243 batis
401 2208 575 2243 ordinibus
605 2208 757 2243 nonnulli
795 2207 997 2255 [fugerent,]
1037 2220 1156 2243 omnes
1186 2209 1305 2255 fugam
1337 2210 1682 2257 circumspe&arent;

280 2266 395 2302 David
414 2279 458 2302 ex
476 2268 570 2301 sumo
593 2267 715 2302 Scotos
734 2267 767 2301 in
785 2266 914 2302 hostico
930 2266 995 2302 efi'e
1015 2267 1221 2314 intelligens,
1242 2268 1330 2308 suos,
1349 2281 1436 2315 quos
1453 2269 1589 2315 poterit,
1608 2281 1683 2316 rap-

278 2327 338 2361 tim
357 2332 477 2366 armat,
496 2332 529 2361 et
548 2326 591 2361 ad
610 2338 680 2367 eos,
700 2338 804 2374 quam
823 2326 932 2373 potest
951 2338 1106 2373 propere,
1126 2326 1280 2362 accurrit.
1334 2327 1388 2362 Ac
1415 2328 1630 2363 commodum
1650 2327 1683 2362 in
