<?xml version="1.0" encoding="UTF-8"?>
<!DOCTYPE html PUBLIC "-//W3C//DTD XHTML 1.0 Transitional//EN"
    "http://www.w3.org/TR/xhtml1/DTD/xhtml1-transitional.dtd">
<html xmlns="http://www.w3.org/1999/xhtml" xml:lang="en" lang="en">
 <head>
  <title>
</title>
<meta http-equiv="Content-Type" content="text/html;charset=utf-8" />
  <meta name='ocr-system' content='tesseract 3.04.00' />
  <meta name='ocr-capabilities' content='ocr_page ocr_carea ocr_par ocr_line ocrx_word'/>
</head>
<body>
  <div class='ocr_page' id='page_1' title='image "./davidishumiidefa00abbo_0061.png"; bbox 0 0 1922 2767; ppageno 0'>
   <div class='ocr_carea' id='block_1_1' title="bbox 710 274 1673 315">
    <p class='ocr_par' dir='ltr' id='par_1_1' title="bbox 710 274 1673 315">
     <span class='ocr_line' id='line_1_1' title="bbox 710 274 1673 315; baseline 0.003 -5"><span class='ocrx_word' id='word_1_1' title='bbox 710 274 1223 312; x_wconf 87' lang='lat' dir='ltr'>WEDDERBURNENSI.</span> <span class='ocrx_word' id='word_1_2' title='bbox 1628 281 1673 315; x_wconf 73' lang='lat'>39</span> 
     </span>
    </p>
   </div>
   <div class='ocr_carea' id='block_1_2' title="bbox 470 378 1485 834">
    <p class='ocr_par' dir='ltr' id='par_1_2' title="bbox 470 378 1485 834">
     <span class='ocr_line' id='line_1_2' title="bbox 474 378 1282 427; baseline -0.001 -12"><span class='ocrx_word' id='word_1_3' title='bbox 474 379 640 415; x_wconf 78' lang='lat' dir='ltr'>Amissum</span> <span class='ocrx_word' id='word_1_4' title='bbox 660 379 766 414; x_wconf 88' lang='lat' dir='ltr'>decus</span> <span class='ocrx_word' id='word_1_5' title='bbox 784 379 929 426; x_wconf 90' lang='lat' dir='ltr'>imperii,</span> <span class='ocrx_word' id='word_1_6' title='bbox 949 378 1109 414; x_wconf 80' lang='lat' dir='ltr'>vilescere</span> <span class='ocrx_word' id='word_1_7' title='bbox 1128 385 1282 427; x_wconf 85' lang='lat' dir='ltr'>gentem,</span> 
     </span>
     <span class='ocr_line' id='line_1_3' title="bbox 518 437 1239 485; baseline -0.001 -12"><span class='ocrx_word' id='word_1_8' title='bbox 518 438 690 473; x_wconf 83' lang='lat' dir='ltr'>Virtutem</span> <span class='ocrx_word' id='word_1_9' title='bbox 709 438 835 485; x_wconf 88' lang='lat' dir='ltr'>priscos</span> <span class='ocrx_word' id='word_1_10' title='bbox 853 443 887 473; x_wconf 89' lang='lat' dir='ltr'>et</span> <span class='ocrx_word' id='word_1_11' title='bbox 905 437 1063 473; x_wconf 74' lang='lat' dir='ltr'>cecidisse</span> <span class='ocrx_word' id='word_1_12' title='bbox 1082 438 1239 481; x_wconf 83' lang='lat' dir='ltr'>animos;</span> 
     </span>
     <span class='ocr_line' id='line_1_4' title="bbox 472 496 1485 544; baseline 0 -13"><span class='ocrx_word' id='word_1_13' title='bbox 472 497 625 544; x_wconf 87' lang='lat' dir='ltr'>Agmine</span> <span class='ocrx_word' id='word_1_14' title='bbox 643 502 921 544; x_wconf 87' lang='lat' dir='ltr'>turgentemque,</span> <span class='ocrx_word' id='word_1_15' title='bbox 941 496 1075 543; x_wconf 87' lang='lat' dir='ltr'>irasque</span> <span class='ocrx_word' id='word_1_16' title='bbox 1093 496 1271 544; x_wconf 87' lang='lat' dir='ltr'>minasque</span> <span class='ocrx_word' id='word_1_17' title='bbox 1291 503 1485 532; x_wconf 86' lang='lat' dir='ltr'>vomentem</span> 
     </span>
     <span class='ocr_line' id='line_1_5' title="bbox 513 554 1253 603; baseline -0.001 -13"><span class='ocrx_word' id='word_1_18' title='bbox 513 554 688 603; x_wconf 78' lang='lat' dir='ltr'>(Ingrefl&#39;u</span> <span class='ocrx_word' id='word_1_19' title='bbox 707 567 823 603; x_wconf 85' lang='lat' dir='ltr'>parva,</span> <span class='ocrx_word' id='word_1_20' title='bbox 839 555 959 603; x_wconf 88' lang='lat' dir='ltr'>praelia</span> <span class='ocrx_word' id='word_1_21' title='bbox 979 566 1110 601; x_wconf 86' lang='lat' dir='ltr'>magna</span> <span class='ocrx_word' id='word_1_22' title='bbox 1128 555 1253 601; x_wconf 87' lang='lat' dir='ltr'>manu)</span> 
     </span>
     <span class='ocr_line' id='line_1_6' title="bbox 470 613 1279 661; baseline -0.001 -12"><span class='ocrx_word' id='word_1_23' title='bbox 470 613 516 649; x_wconf 88' lang='lat' dir='ltr'>Et</span> <span class='ocrx_word' id='word_1_24' title='bbox 534 614 629 657; x_wconf 87' lang='lat' dir='ltr'>verti,</span> <span class='ocrx_word' id='word_1_25' title='bbox 650 619 684 649; x_wconf 89' lang='lat' dir='ltr'>et</span> <span class='ocrx_word' id='word_1_26' title='bbox 702 614 779 654; x_wconf 88' lang='lat' dir='ltr'>vici,</span> <span class='ocrx_word' id='word_1_27' title='bbox 798 620 833 649; x_wconf 88' lang='lat' dir='ltr'>et</span> <span class='ocrx_word' id='word_1_28' title='bbox 850 613 946 657; x_wconf 85' lang='lat' dir='ltr'>fudi3</span> <span class='ocrx_word' id='word_1_29' title='bbox 967 613 1168 661; x_wconf 85' lang='lat' dir='ltr'>caedemque</span> <span class='ocrx_word' id='word_1_30' title='bbox 1188 614 1279 661; x_wconf 85' lang='lat' dir='ltr'>piavi</span> 
     </span>
     <span class='ocr_line' id='line_1_7' title="bbox 518 672 1342 720; baseline -0.001 -12"><span class='ocrx_word' id='word_1_31' title='bbox 518 672 625 708; x_wconf 80' lang='lat' dir='ltr'>Caede</span> <span class='ocrx_word' id='word_1_32' title='bbox 644 673 713 714; x_wconf 86' lang='lat' dir='ltr'>illa,</span> <span class='ocrx_word' id='word_1_33' title='bbox 728 679 762 708; x_wconf 88' lang='lat' dir='ltr'>et</span> <span class='ocrx_word' id='word_1_34' title='bbox 780 685 911 713; x_wconf 85' lang='lat' dir='ltr'>manes,</span> <span class='ocrx_word' id='word_1_35' title='bbox 932 672 1062 707; x_wconf 85' lang='lat' dir='ltr'>Humie</span> <span class='ocrx_word' id='word_1_36' title='bbox 1080 685 1220 720; x_wconf 88' lang='lat' dir='ltr'>magne,</span> <span class='ocrx_word' id='word_1_37' title='bbox 1240 678 1342 716; x_wconf 83' lang='lat' dir='ltr'>tuos3</span> 
     </span>
     <span class='ocr_line' id='line_1_8' title="bbox 471 730 1456 779; baseline 0 -13"><span class='ocrx_word' id='word_1_38' title='bbox 471 731 597 774; x_wconf 87' lang='lat' dir='ltr'>Patria,</span> <span class='ocrx_word' id='word_1_39' title='bbox 614 732 698 779; x_wconf 91' lang='lat' dir='ltr'>quid</span> <span class='ocrx_word' id='word_1_40' title='bbox 712 731 819 767; x_wconf 87' lang='lat' dir='ltr'>debes</span> <span class='ocrx_word' id='word_1_41' title='bbox 837 731 930 773; x_wconf 89' lang='lat' dir='ltr'>mihi,</span> <span class='ocrx_word' id='word_1_42' title='bbox 951 731 1034 779; x_wconf 92' lang='lat' dir='ltr'>quid</span> <span class='ocrx_word' id='word_1_43' title='bbox 1053 731 1176 766; x_wconf 86' lang='lat' dir='ltr'>domus</span> <span class='ocrx_word' id='word_1_44' title='bbox 1194 730 1337 773; x_wconf 88' lang='lat' dir='ltr'>Humia,</span> <span class='ocrx_word' id='word_1_45' title='bbox 1357 731 1456 767; x_wconf 88' lang='lat' dir='ltr'>vestri</span> 
     </span>
     <span class='ocr_line' id='line_1_9' title="bbox 519 790 1226 834; baseline 0 -9"><span class='ocrx_word' id='word_1_46' title='bbox 519 790 684 834; x_wconf 82' lang='lat' dir='ltr'>Arbitrii3</span> <span class='ocrx_word' id='word_1_47' title='bbox 703 803 772 826; x_wconf 91' lang='lat' dir='ltr'>non</span> <span class='ocrx_word' id='word_1_48' title='bbox 791 790 840 826; x_wconf 87' lang='lat' dir='ltr'>est</span> <span class='ocrx_word' id='word_1_49' title='bbox 858 790 972 826; x_wconf 86' lang='lat' dir='ltr'>dicere</span> <span class='ocrx_word' id='word_1_50' title='bbox 990 790 1079 825; x_wconf 87' lang='lat' dir='ltr'>velle</span> <span class='ocrx_word' id='word_1_51' title='bbox 1098 802 1226 826; x_wconf 90' lang='lat' dir='ltr'>meum.</span> 
     </span>
    </p>
   </div>
   <div class='ocr_carea' id='block_1_3' title="bbox 246 892 1670 2356">
    <p class='ocr_par' dir='ltr' id='par_1_3' title="bbox 246 892 1670 2356">
     <span class='ocr_line' id='line_1_10' title="bbox 302 892 1667 942; baseline 0.001 -14"><span class='ocrx_word' id='word_1_52' title='bbox 302 893 394 928; x_wconf 86' lang='lat' dir='ltr'>Sane</span> <span class='ocrx_word' id='word_1_53' title='bbox 412 892 504 941; x_wconf 92' lang='lat' dir='ltr'>quod</span> <span class='ocrx_word' id='word_1_54' title='bbox 520 892 709 941; x_wconf 85' lang='lat' dir='ltr'>rependere</span> <span class='ocrx_word' id='word_1_55' title='bbox 723 905 901 941; x_wconf 90' lang='lat' dir='ltr'>nunquam</span> <span class='ocrx_word' id='word_1_56' title='bbox 920 893 1039 941; x_wconf 80' lang='lat' dir='ltr'>poffet,</span> <span class='ocrx_word' id='word_1_57' title='bbox 1055 906 1133 929; x_wconf 90' lang='lat' dir='ltr'>cum</span> <span class='ocrx_word' id='word_1_58' title='bbox 1149 906 1214 929; x_wconf 87' lang='lat' dir='ltr'>nec</span> <span class='ocrx_word' id='word_1_59' title='bbox 1229 895 1299 929; x_wconf 85' lang='lat' dir='ltr'>vita</span> <span class='ocrx_word' id='word_1_60' title='bbox 1314 894 1454 942; x_wconf 87' lang='lat' dir='ltr'>rependi</span> <span class='ocrx_word' id='word_1_61' title='bbox 1471 895 1588 942; x_wconf 82' lang='lat' dir='ltr'>poffet,</span> <span class='ocrx_word' id='word_1_62' title='bbox 1606 908 1667 929; x_wconf 77' lang='lat' dir='ltr'>nec·</span> 
     </span>
     <span class='ocr_line' id='line_1_11' title="bbox 248 951 1670 1000; baseline 0.002 -14"><span class='ocrx_word' id='word_1_63' title='bbox 248 958 345 987; x_wconf 88' lang='lat' dir='ltr'>tanta</span> <span class='ocrx_word' id='word_1_64' title='bbox 363 958 396 987; x_wconf 86' lang='lat' dir='ltr'>et</span> <span class='ocrx_word' id='word_1_65' title='bbox 415 958 486 987; x_wconf 87' lang='lat' dir='ltr'>tam</span> <span class='ocrx_word' id='word_1_66' title='bbox 504 951 634 987; x_wconf 88' lang='lat' dir='ltr'>fincera</span> <span class='ocrx_word' id='word_1_67' title='bbox 652 965 769 1000; x_wconf 88' lang='lat' dir='ltr'>opera,</span> <span class='ocrx_word' id='word_1_68' title='bbox 790 959 824 988; x_wconf 91' lang='lat' dir='ltr'>et</span> <span class='ocrx_word' id='word_1_69' title='bbox 845 953 1011 988; x_wconf 84' lang='lat' dir='ltr'>exantlati</span> <span class='ocrx_word' id='word_1_70' title='bbox 1039 954 1161 988; x_wconf 88' lang='lat' dir='ltr'>mirum</span> <span class='ocrx_word' id='word_1_71' title='bbox 1181 955 1214 988; x_wconf 89' lang='lat' dir='ltr'>in</span> <span class='ocrx_word' id='word_1_72' title='bbox 1233 954 1374 989; x_wconf 88' lang='lat' dir='ltr'>modum</span> <span class='ocrx_word' id='word_1_73' title='bbox 1394 954 1540 997; x_wconf 85' lang='lat' dir='ltr'>labores,</span> <span class='ocrx_word' id='word_1_74' title='bbox 1570 961 1603 990; x_wconf 89' lang='lat' dir='ltr'>et</span> <span class='ocrx_word' id='word_1_75' title='bbox 1622 968 1670 989; x_wconf 89' lang='lat' dir='ltr'>re—</span> 
     </span>
     <span class='ocr_line' id='line_1_12' title="bbox 250 1009 1668 1060; baseline 0.002 -15"><span class='ocrx_word' id='word_1_76' title='bbox 250 1009 370 1045; x_wconf 63' lang='lat' dir='ltr'>lictum</span> <span class='ocrx_word' id='word_1_77' title='bbox 389 1011 531 1058; x_wconf 85' lang='lat' dir='ltr'>posteris</span> <span class='ocrx_word' id='word_1_78' title='bbox 550 1011 746 1059; x_wconf 84' lang='lat' dir='ltr'>exemplum</span> <span class='ocrx_word' id='word_1_79' title='bbox 766 1024 806 1046; x_wconf 89' lang='lat' dir='ltr'>ac</span> <span class='ocrx_word' id='word_1_80' title='bbox 824 1011 1051 1047; x_wconf 83' lang='lat' dir='ltr'>haeriditarius</span> <span class='ocrx_word' id='word_1_81' title='bbox 1070 1024 1177 1053; x_wconf 86' lang='lat' dir='ltr'>amor,</span> <span class='ocrx_word' id='word_1_82' title='bbox 1195 1013 1254 1060; x_wconf 92' lang='lat' dir='ltr'>qui</span> <span class='ocrx_word' id='word_1_83' title='bbox 1270 1014 1302 1048; x_wconf 90' lang='lat' dir='ltr'>se</span> <span class='ocrx_word' id='word_1_84' title='bbox 1318 1013 1422 1048; x_wconf 86' lang='lat' dir='ltr'>etiam</span> <span class='ocrx_word' id='word_1_85' title='bbox 1442 1014 1473 1048; x_wconf 92' lang='lat' dir='ltr'>in</span> <span class='ocrx_word' id='word_1_86' title='bbox 1493 1013 1533 1048; x_wconf 84' lang='lat' dir='ltr'>iis</span> <span class='ocrx_word' id='word_1_87' title='bbox 1551 1015 1668 1054; x_wconf 80' lang='lat' dir='ltr'>exerit,</span> 
     </span>
     <span class='ocr_line' id='line_1_13' title="bbox 247 1069 1669 1120; baseline 0.002 -16"><span class='ocrx_word' id='word_1_88' title='bbox 247 1069 333 1104; x_wconf 81' lang='lat' dir='ltr'>faxit</span> <span class='ocrx_word' id='word_1_89' title='bbox 360 1070 478 1105; x_wconf 85' lang='lat' dir='ltr'>saltem</span> <span class='ocrx_word' id='word_1_90' title='bbox 506 1071 722 1117; x_wconf 83' lang='lat' dir='ltr'>agnoscatur,</span> <span class='ocrx_word' id='word_1_91' title='bbox 753 1076 787 1106; x_wconf 90' lang='lat' dir='ltr'>et</span> <span class='ocrx_word' id='word_1_92' title='bbox 814 1078 979 1106; x_wconf 86' lang='lat' dir='ltr'>aeternum</span> <span class='ocrx_word' id='word_1_93' title='bbox 1006 1071 1145 1107; x_wconf 82' lang='lat' dir='ltr'>familiis</span> <span class='ocrx_word' id='word_1_94' title='bbox 1163 1078 1314 1107; x_wconf 88' lang='lat' dir='ltr'>maneat.</span> <span class='ocrx_word' id='word_1_95' title='bbox 1371 1072 1527 1120; x_wconf 80' lang='lat' dir='ltr'>Reliquit</span> <span class='ocrx_word' id='word_1_96' title='bbox 1544 1073 1669 1108; x_wconf 78' lang='lat' dir='ltr'>liberos</span> 
     </span>
     <span class='ocr_line' id='line_1_14' title="bbox 248 1128 1668 1176; baseline 0.002 -13"><span class='ocrx_word' id='word_1_97' title='bbox 248 1128 350 1164; x_wconf 74' lang='lat' dir='ltr'>virilis</span> <span class='ocrx_word' id='word_1_98' title='bbox 368 1129 466 1164; x_wconf 84' lang='lat' dir='ltr'>sexus</span> <span class='ocrx_word' id='word_1_99' title='bbox 485 1135 562 1171; x_wconf 80' lang='lat' dir='ltr'>tres,</span> <span class='ocrx_word' id='word_1_100' title='bbox 586 1129 802 1176; x_wconf 84' lang='lat' dir='ltr'>Georgium3</span> <span class='ocrx_word' id='word_1_101' title='bbox 825 1129 1021 1171; x_wconf 86' lang='lat' dir='ltr'>Davidem;</span> <span class='ocrx_word' id='word_1_102' title='bbox 1046 1129 1242 1173; x_wconf 82' lang='lat' dir='ltr'>Joannem3</span> <span class='ocrx_word' id='word_1_103' title='bbox 1272 1130 1358 1166; x_wconf 84' lang='lat' dir='ltr'>filias</span> <span class='ocrx_word' id='word_1_104' title='bbox 1387 1131 1543 1171; x_wconf 86' lang='lat' dir='ltr'>totidem,</span> <span class='ocrx_word' id='word_1_105' title='bbox 1562 1131 1668 1166; x_wconf 85' lang='lat' dir='ltr'>Julia—</span> 
     </span>
     <span class='ocr_line' id='line_1_15' title="bbox 247 1187 1668 1237; baseline 0.003 -16"><span class='ocrx_word' id='word_1_106' title='bbox 247 1199 338 1228; x_wconf 86' lang='lat' dir='ltr'>narn,</span> <span class='ocrx_word' id='word_1_107' title='bbox 359 1200 437 1234; x_wconf 83' lang='lat' dir='ltr'>quae</span> <span class='ocrx_word' id='word_1_108' title='bbox 458 1187 637 1223; x_wconf 83' lang='lat' dir='ltr'>Gordonio</span> <span class='ocrx_word' id='word_1_109' title='bbox 669 1187 898 1223; x_wconf 78' lang='lat' dir='ltr'>Lochinvario</span> <span class='ocrx_word' id='word_1_110' title='bbox 918 1189 951 1223; x_wconf 93' lang='lat' dir='ltr'>in</span> <span class='ocrx_word' id='word_1_111' title='bbox 983 1188 1181 1224; x_wconf 86' lang='lat' dir='ltr'>Gallovidia</span> <span class='ocrx_word' id='word_1_112' title='bbox 1200 1189 1331 1237; x_wconf 87' lang='lat' dir='ltr'>nupfit;</span> <span class='ocrx_word' id='word_1_113' title='bbox 1370 1189 1562 1231; x_wconf 88' lang='lat' dir='ltr'>Isobellam,</span> <span class='ocrx_word' id='word_1_114' title='bbox 1592 1202 1668 1237; x_wconf 86' lang='lat' dir='ltr'>quae</span> 
     </span>
     <span class='ocr_line' id='line_1_16' title="bbox 250 1246 1669 1296; baseline 0.002 -16"><span class='ocrx_word' id='word_1_115' title='bbox 250 1246 404 1281; x_wconf 86' lang='lat' dir='ltr'>Roberto</span> <span class='ocrx_word' id='word_1_116' title='bbox 426 1246 518 1281; x_wconf 88' lang='lat' dir='ltr'>Caro</span> <span class='ocrx_word' id='word_1_117' title='bbox 540 1247 727 1287; x_wconf 85' lang='lat' dir='ltr'>Ancramo,</span> <span class='ocrx_word' id='word_1_118' title='bbox 747 1247 839 1282; x_wconf 89' lang='lat' dir='ltr'>unde</span> <span class='ocrx_word' id='word_1_119' title='bbox 861 1247 951 1295; x_wconf 90' lang='lat' dir='ltr'>[qui]</span> <span class='ocrx_word' id='word_1_120' title='bbox 979 1260 1109 1295; x_wconf 88' lang='lat' dir='ltr'>magna</span> <span class='ocrx_word' id='word_1_121' title='bbox 1135 1260 1213 1283; x_wconf 90' lang='lat' dir='ltr'>cum</span> <span class='ocrx_word' id='word_1_122' title='bbox 1241 1248 1345 1284; x_wconf 90' lang='lat' dir='ltr'>laude</span> <span class='ocrx_word' id='word_1_123' title='bbox 1365 1262 1405 1284; x_wconf 88' lang='lat' dir='ltr'>ac</span> <span class='ocrx_word' id='word_1_124' title='bbox 1424 1249 1669 1296; x_wconf 62' lang='lat' dir='ltr'>expectatione</span> 
     </span>
     <span class='ocr_line' id='line_1_17' title="bbox 250 1305 1668 1355; baseline 0.002 -16"><span class='ocrx_word' id='word_1_125' title='bbox 250 1305 367 1340; x_wconf 87' lang='lat' dir='ltr'>Caroli</span> <span class='ocrx_word' id='word_1_126' title='bbox 386 1306 548 1353; x_wconf 86' lang='lat' dir='ltr'>principis</span> <span class='ocrx_word' id='word_1_127' title='bbox 566 1306 722 1353; x_wconf 82' lang='lat' dir='ltr'>pueritiae</span> <span class='ocrx_word' id='word_1_128' title='bbox 742 1306 913 1346; x_wconf 83' lang='lat' dir='ltr'>admotus,</span> <span class='ocrx_word' id='word_1_129' title='bbox 931 1318 1023 1341; x_wconf 89' lang='lat' dir='ltr'>nunc</span> <span class='ocrx_word' id='word_1_130' title='bbox 1042 1319 1182 1354; x_wconf 90' lang='lat' dir='ltr'>quoque</span> <span class='ocrx_word' id='word_1_131' title='bbox 1201 1307 1293 1342; x_wconf 89' lang='lat' dir='ltr'>omni</span> <span class='ocrx_word' id='word_1_132' title='bbox 1308 1307 1485 1355; x_wconf 88' lang='lat' dir='ltr'>obsequio,</span> <span class='ocrx_word' id='word_1_133' title='bbox 1501 1314 1532 1342; x_wconf 85' lang='lat' dir='ltr'>et</span> <span class='ocrx_word' id='word_1_134' title='bbox 1550 1307 1668 1342; x_wconf 87' lang='lat' dir='ltr'>hones-</span> 
     </span>
     <span class='ocr_line' id='line_1_18' title="bbox 248 1364 1666 1413; baseline 0.002 -15"><span class='ocrx_word' id='word_1_135' title='bbox 248 1364 289 1398; x_wconf 74' lang='lat' dir='ltr'>tis</span> <span class='ocrx_word' id='word_1_136' title='bbox 309 1364 438 1399; x_wconf 83' lang='lat' dir='ltr'>artibus</span> <span class='ocrx_word' id='word_1_137' title='bbox 453 1377 532 1400; x_wconf 87' lang='lat' dir='ltr'>eum</span> <span class='ocrx_word' id='word_1_138' title='bbox 547 1364 763 1407; x_wconf 82' lang='lat' dir='ltr'>demeretur3</span> <span class='ocrx_word' id='word_1_139' title='bbox 786 1364 1040 1407; x_wconf 87' lang='lat' dir='ltr'>Elizabetham,</span> <span class='ocrx_word' id='word_1_140' title='bbox 1057 1378 1135 1412; x_wconf 87' lang='lat' dir='ltr'>quae</span> <span class='ocrx_word' id='word_1_141' title='bbox 1152 1365 1302 1401; x_wconf 89' lang='lat' dir='ltr'>Patricio</span> <span class='ocrx_word' id='word_1_142' title='bbox 1319 1366 1478 1401; x_wconf 74' lang='lat' dir='ltr'>Nisbetto</span> <span class='ocrx_word' id='word_1_143' title='bbox 1494 1367 1526 1401; x_wconf 87' lang='lat' dir='ltr'>se</span> <span class='ocrx_word' id='word_1_144' title='bbox 1541 1367 1666 1413; x_wconf 84' lang='lat' dir='ltr'>junxit.</span> 
     </span>
     <span class='ocr_line' id='line_1_19' title="bbox 250 1422 1665 1471; baseline 0.002 -14"><span class='ocrx_word' id='word_1_145' title='bbox 250 1422 365 1457; x_wconf 90' lang='lat' dir='ltr'>Credo</span> <span class='ocrx_word' id='word_1_146' title='bbox 392 1423 489 1458; x_wconf 73' lang='lat' dir='ltr'>fuisse</span> <span class='ocrx_word' id='word_1_147' title='bbox 518 1429 552 1458; x_wconf 89' lang='lat' dir='ltr'>et</span> <span class='ocrx_word' id='word_1_148' title='bbox 580 1429 749 1470; x_wconf 87' lang='lat' dir='ltr'>quartam,</span> <span class='ocrx_word' id='word_1_149' title='bbox 779 1436 857 1471; x_wconf 80' lang='lat' dir='ltr'>quae</span> <span class='ocrx_word' id='word_1_150' title='bbox 883 1424 916 1458; x_wconf 91' lang='lat' dir='ltr'>in</span> <span class='ocrx_word' id='word_1_151' title='bbox 948 1424 1196 1459; x_wconf 85' lang='lat' dir='ltr'>monacharum</span> <span class='ocrx_word' id='word_1_152' title='bbox 1225 1425 1421 1460; x_wconf 85' lang='lat' dir='ltr'>coenobium</span> <span class='ocrx_word' id='word_1_153' title='bbox 1449 1426 1483 1461; x_wconf 92' lang='lat' dir='ltr'>se</span> <span class='ocrx_word' id='word_1_154' title='bbox 1509 1426 1665 1460; x_wconf 84' lang='lat' dir='ltr'>contulit.</span> 
     </span>
     <span class='ocr_line' id='line_1_20' title="bbox 251 1482 1665 1531; baseline 0.001 -14"><span class='ocrx_word' id='word_1_155' title='bbox 251 1482 447 1529; x_wconf 82' lang='lat' dir='ltr'>Supervixit</span> <span class='ocrx_word' id='word_1_156' title='bbox 468 1494 563 1522; x_wconf 89' lang='lat' dir='ltr'>uxor,</span> <span class='ocrx_word' id='word_1_157' title='bbox 583 1482 705 1517; x_wconf 87' lang='lat' dir='ltr'>iterum</span> <span class='ocrx_word' id='word_1_158' title='bbox 720 1482 793 1529; x_wconf 88' lang='lat' dir='ltr'>jam</span> <span class='ocrx_word' id='word_1_159' title='bbox 812 1482 926 1524; x_wconf 84' lang='lat' dir='ltr'>vidua,</span> <span class='ocrx_word' id='word_1_160' title='bbox 946 1482 1140 1530; x_wconf 86' lang='lat' dir='ltr'>liberosque</span> <span class='ocrx_word' id='word_1_161' title='bbox 1159 1483 1342 1531; x_wconf 87' lang='lat' dir='ltr'>diligenter</span> <span class='ocrx_word' id='word_1_162' title='bbox 1361 1484 1532 1524; x_wconf 85' lang='lat' dir='ltr'>educavit,</span> <span class='ocrx_word' id='word_1_163' title='bbox 1549 1497 1589 1519; x_wconf 86' lang='lat' dir='ltr'>ac</span> <span class='ocrx_word' id='word_1_164' title='bbox 1608 1485 1665 1519; x_wconf 84' lang='lat' dir='ltr'>filii</span> 
     </span>
     <span class='ocr_line' id='line_1_21' title="bbox 247 1541 1666 1591; baseline 0.001 -15"><span class='ocrx_word' id='word_1_165' title='bbox 247 1542 502 1589; x_wconf 79' lang='lat' dir='ltr'>patrimonium,</span> <span class='ocrx_word' id='word_1_166' title='bbox 524 1541 642 1576; x_wconf 89' lang='lat' dir='ltr'>addita</span> <span class='ocrx_word' id='word_1_167' title='bbox 663 1541 796 1576; x_wconf 86' lang='lat' dir='ltr'>Hiltoni</span> <span class='ocrx_word' id='word_1_168' title='bbox 825 1541 980 1582; x_wconf 86' lang='lat' dir='ltr'>baronia,</span> <span class='ocrx_word' id='word_1_169' title='bbox 1000 1542 1105 1582; x_wconf 87' lang='lat' dir='ltr'>auxit,</span> <span class='ocrx_word' id='word_1_170' title='bbox 1128 1542 1270 1577; x_wconf 83' lang='lat' dir='ltr'>foemina</span> <span class='ocrx_word' id='word_1_171' title='bbox 1299 1543 1387 1578; x_wconf 88' lang='lat' dir='ltr'>adeo</span> <span class='ocrx_word' id='word_1_172' title='bbox 1416 1543 1524 1591; x_wconf 88' lang='lat' dir='ltr'>proba</span> <span class='ocrx_word' id='word_1_173' title='bbox 1544 1550 1580 1578; x_wconf 90' lang='lat' dir='ltr'>ut</span> <span class='ocrx_word' id='word_1_174' title='bbox 1599 1556 1666 1578; x_wconf 89' lang='lat' dir='ltr'>non</span> 
     </span>
     <span class='ocr_line' id='line_1_22' title="bbox 246 1600 1665 1648; baseline 0.001 -13"><span class='ocrx_word' id='word_1_175' title='bbox 246 1601 336 1641; x_wconf 89' lang='lat' dir='ltr'>loco,</span> <span class='ocrx_word' id='word_1_176' title='bbox 355 1613 425 1648; x_wconf 90' lang='lat' dir='ltr'>quo</span> <span class='ocrx_word' id='word_1_177' title='bbox 443 1607 527 1636; x_wconf 85' lang='lat' dir='ltr'>nata</span> <span class='ocrx_word' id='word_1_178' title='bbox 546 1600 604 1642; x_wconf 89' lang='lat' dir='ltr'>est,</span> <span class='ocrx_word' id='word_1_179' title='bbox 626 1606 660 1635; x_wconf 92' lang='lat' dir='ltr'>et</span> <span class='ocrx_word' id='word_1_180' title='bbox 678 1613 781 1648; x_wconf 90' lang='lat' dir='ltr'>quem</span> <span class='ocrx_word' id='word_1_181' title='bbox 800 1601 922 1641; x_wconf 89' lang='lat' dir='ltr'>tenuit,</span> <span class='ocrx_word' id='word_1_182' title='bbox 950 1613 1054 1648; x_wconf 86' lang='lat' dir='ltr'>quam</span> <span class='ocrx_word' id='word_1_183' title='bbox 1074 1601 1140 1636; x_wconf 79' lang='lat' dir='ltr'>suis</span> <span class='ocrx_word' id='word_1_184' title='bbox 1168 1602 1320 1637; x_wconf 81' lang='lat' dir='ltr'>moribus</span> <span class='ocrx_word' id='word_1_185' title='bbox 1347 1602 1468 1637; x_wconf 88' lang='lat' dir='ltr'>clarior</span> <span class='ocrx_word' id='word_1_186' title='bbox 1487 1608 1521 1637; x_wconf 88' lang='lat' dir='ltr'>et</span> <span class='ocrx_word' id='word_1_187' title='bbox 1545 1602 1665 1637; x_wconf 86' lang='lat' dir='ltr'>honor-</span> 
     </span>
     <span class='ocr_line' id='line_1_23' title="bbox 248 1659 1665 1708; baseline 0.001 -14"><span class='ocrx_word' id='word_1_188' title='bbox 248 1660 334 1694; x_wconf 87' lang='lat' dir='ltr'>atior</span> <span class='ocrx_word' id='word_1_189' title='bbox 351 1660 466 1694; x_wconf 86' lang='lat' dir='ltr'>fuerit.</span> <span class='ocrx_word' id='word_1_190' title='bbox 520 1659 594 1694; x_wconf 87' lang='lat' dir='ltr'>Rex</span> <span class='ocrx_word' id='word_1_191' title='bbox 614 1659 683 1707; x_wconf 91' lang='lat' dir='ltr'>ipse</span> <span class='ocrx_word' id='word_1_192' title='bbox 702 1659 856 1694; x_wconf 81' lang='lat' dir='ltr'>Jacobus</span> <span class='ocrx_word' id='word_1_193' title='bbox 874 1660 1025 1707; x_wconf 86' lang='lat' dir='ltr'>quintus,</span> <span class='ocrx_word' id='word_1_194' title='bbox 1046 1660 1202 1707; x_wconf 74' lang='lat' dir='ltr'>quamvis</span> <span class='ocrx_word' id='word_1_195' title='bbox 1216 1661 1378 1695; x_wconf 78' lang='lat' dir='ltr'>fratribus</span> <span class='ocrx_word' id='word_1_196' title='bbox 1392 1660 1619 1708; x_wconf 79' lang='lat' dir='ltr'>implacabilis</span> <span class='ocrx_word' id='word_1_197' title='bbox 1633 1662 1665 1695; x_wconf 91' lang='lat' dir='ltr'>in</span> 
     </span>
     <span class='ocr_line' id='line_1_24' title="bbox 247 1718 1667 1767; baseline 0.001 -14"><span class='ocrx_word' id='word_1_198' title='bbox 247 1719 386 1754; x_wconf 85' lang='lat' dir='ltr'>exilium</span> <span class='ocrx_word' id='word_1_199' title='bbox 415 1731 475 1753; x_wconf 84' lang='lat' dir='ltr'>eos</span> <span class='ocrx_word' id='word_1_200' title='bbox 506 1718 636 1766; x_wconf 71' lang='lat' dir='ltr'>egisset,</span> <span class='ocrx_word' id='word_1_201' title='bbox 666 1719 885 1766; x_wconf 87' lang='lat' dir='ltr'>sororemque</span> <span class='ocrx_word' id='word_1_202' title='bbox 914 1719 1091 1754; x_wconf 86' lang='lat' dir='ltr'>Glamiam</span> <span class='ocrx_word' id='word_1_203' title='bbox 1118 1719 1299 1755; x_wconf 86' lang='lat' dir='ltr'>calumniis</span> <span class='ocrx_word' id='word_1_204' title='bbox 1325 1719 1496 1759; x_wconf 88' lang='lat' dir='ltr'>obrutam,</span> <span class='ocrx_word' id='word_1_205' title='bbox 1524 1720 1579 1754; x_wconf 86' lang='lat' dir='ltr'>vix</span> <span class='ocrx_word' id='word_1_206' title='bbox 1608 1719 1667 1767; x_wconf 80' lang='lat' dir='ltr'>ipsi</span> 
     </span>
     <span class='ocr_line' id='line_1_25' title="bbox 248 1777 1663 1826; baseline 0 -13"><span class='ocrx_word' id='word_1_207' title='bbox 248 1779 395 1821; x_wconf 83' lang='lat' dir='ltr'>creditis,</span> <span class='ocrx_word' id='word_1_208' title='bbox 417 1778 606 1818; x_wconf 82' lang='lat' dir='ltr'>cremaffet,</span> <span class='ocrx_word' id='word_1_209' title='bbox 624 1790 689 1812; x_wconf 86' lang='lat' dir='ltr'>nec</span> <span class='ocrx_word' id='word_1_210' title='bbox 708 1790 906 1825; x_wconf 82' lang='lat' dir='ltr'>quenquam</span> <span class='ocrx_word' id='word_1_211' title='bbox 927 1777 1104 1825; x_wconf 84' lang='lat' dir='ltr'>Duglafiae</span> <span class='ocrx_word' id='word_1_212' title='bbox 1131 1779 1244 1826; x_wconf 82' lang='lat' dir='ltr'>gentis</span> <span class='ocrx_word' id='word_1_213' title='bbox 1263 1779 1459 1826; x_wconf 82' lang='lat' dir='ltr'>conspicere</span> <span class='ocrx_word' id='word_1_214' title='bbox 1478 1778 1663 1820; x_wconf 86' lang='lat' dir='ltr'>sustineret,</span> 
     </span>
     <span class='ocr_line' id='line_1_26' title="bbox 248 1836 1665 1885; baseline 0.001 -14"><span class='ocrx_word' id='word_1_215' title='bbox 248 1849 366 1872; x_wconf 90' lang='lat' dir='ltr'>eorum</span> <span class='ocrx_word' id='word_1_216' title='bbox 386 1837 596 1885; x_wconf 85' lang='lat' dir='ltr'>propinquos</span> <span class='ocrx_word' id='word_1_217' title='bbox 614 1843 648 1871; x_wconf 90' lang='lat' dir='ltr'>et</span> <span class='ocrx_word' id='word_1_218' title='bbox 667 1836 822 1876; x_wconf 82' lang='lat' dir='ltr'>clientes,</span> <span class='ocrx_word' id='word_1_219' title='bbox 849 1836 951 1884; x_wconf 85' lang='lat' dir='ltr'>ipfius</span> <span class='ocrx_word' id='word_1_220' title='bbox 970 1837 1074 1872; x_wconf 84' lang='lat' dir='ltr'>etiam</span> <span class='ocrx_word' id='word_1_221' title='bbox 1093 1837 1198 1872; x_wconf 91' lang='lat' dir='ltr'>filium</span> <span class='ocrx_word' id='word_1_222' title='bbox 1220 1837 1415 1885; x_wconf 88' lang='lat' dir='ltr'>Georgium</span> <span class='ocrx_word' id='word_1_223' title='bbox 1435 1837 1603 1872; x_wconf 87' lang='lat' dir='ltr'>Humium</span> <span class='ocrx_word' id='word_1_224' title='bbox 1632 1839 1665 1872; x_wconf 88' lang='lat' dir='ltr'>in</span> 
     </span>
     <span class='ocr_line' id='line_1_27' title="bbox 248 1895 1666 1943; baseline 0 -13"><span class='ocrx_word' id='word_1_225' title='bbox 248 1895 440 1930; x_wconf 88' lang='lat' dir='ltr'>custodiam</span> <span class='ocrx_word' id='word_1_226' title='bbox 458 1895 612 1937; x_wconf 77' lang='lat' dir='ltr'>dedisset,</span> <span class='ocrx_word' id='word_1_227' title='bbox 633 1895 726 1930; x_wconf 82' lang='lat' dir='ltr'>illam</span> <span class='ocrx_word' id='word_1_228' title='bbox 746 1902 861 1930; x_wconf 86' lang='lat' dir='ltr'>tamen</span> <span class='ocrx_word' id='word_1_229' title='bbox 888 1896 1025 1942; x_wconf 85' lang='lat' dir='ltr'>quoties</span> <span class='ocrx_word' id='word_1_230' title='bbox 1043 1895 1307 1943; x_wconf 83' lang='lat' dir='ltr'>deprecaturam</span> <span class='ocrx_word' id='word_1_231' title='bbox 1333 1908 1394 1943; x_wconf 89' lang='lat' dir='ltr'>pro</span> <span class='ocrx_word' id='word_1_232' title='bbox 1413 1896 1494 1936; x_wconf 85' lang='lat' dir='ltr'>filio,</span> <span class='ocrx_word' id='word_1_233' title='bbox 1513 1903 1572 1931; x_wconf 90' lang='lat' dir='ltr'>aut</span> <span class='ocrx_word' id='word_1_234' title='bbox 1599 1896 1666 1930; x_wconf 85' lang='lat' dir='ltr'>alia</span> 
     </span>
     <span class='ocr_line' id='line_1_28' title="bbox 246 1953 1665 2002; baseline 0 -13"><span class='ocrx_word' id='word_1_235' title='bbox 246 1955 290 1989; x_wconf 92' lang='lat' dir='ltr'>ob</span> <span class='ocrx_word' id='word_1_236' title='bbox 311 1954 454 2002; x_wconf 86' lang='lat' dir='ltr'>negotia</span> <span class='ocrx_word' id='word_1_237' title='bbox 473 1953 602 1996; x_wconf 86' lang='lat' dir='ltr'>adibat,</span> <span class='ocrx_word' id='word_1_238' title='bbox 630 1954 817 1989; x_wconf 88' lang='lat' dir='ltr'>honorifice</span> <span class='ocrx_word' id='word_1_239' title='bbox 844 1954 1046 2001; x_wconf 81' lang='lat' dir='ltr'>accipiebat,</span> <span class='ocrx_word' id='word_1_240' title='bbox 1075 1954 1186 1990; x_wconf 83' lang='lat' dir='ltr'>libens</span> <span class='ocrx_word' id='word_1_241' title='bbox 1205 1955 1380 1997; x_wconf 84' lang='lat' dir='ltr'>audiebat,</span> <span class='ocrx_word' id='word_1_242' title='bbox 1402 1961 1435 1990; x_wconf 90' lang='lat' dir='ltr'>et</span> <span class='ocrx_word' id='word_1_243' title='bbox 1454 1955 1611 2002; x_wconf 78' lang='lat' dir='ltr'>quamvis</span> <span class='ocrx_word' id='word_1_244' title='bbox 1629 1955 1665 1989; x_wconf 88' lang='lat' dir='ltr'>li-</span> 
     </span>
     <span class='ocr_line' id='line_1_29' title="bbox 248 2013 1665 2062; baseline 0 -14"><span class='ocrx_word' id='word_1_245' title='bbox 248 2014 366 2048; x_wconf 89' lang='lat' dir='ltr'>berare</span> <span class='ocrx_word' id='word_1_246' title='bbox 385 2025 465 2048; x_wconf 87' lang='lat' dir='ltr'>eum</span> <span class='ocrx_word' id='word_1_247' title='bbox 483 2013 599 2055; x_wconf 89' lang='lat' dir='ltr'>nollet,</span> <span class='ocrx_word' id='word_1_248' title='bbox 620 2014 794 2048; x_wconf 84' lang='lat' dir='ltr'>excusanti</span> <span class='ocrx_word' id='word_1_249' title='bbox 814 2014 950 2061; x_wconf 90' lang='lat' dir='ltr'>propior</span> <span class='ocrx_word' id='word_1_250' title='bbox 969 2020 1124 2048; x_wconf 87' lang='lat' dir='ltr'>amanter</span> <span class='ocrx_word' id='word_1_251' title='bbox 1143 2014 1359 2049; x_wconf 83' lang='lat' dir='ltr'>demittebat.</span> <span class='ocrx_word' id='word_1_252' title='bbox 1413 2013 1615 2062; x_wconf 75' lang='lat' dir='ltr'>Religionis,</span> <span class='ocrx_word' id='word_1_253' title='bbox 1633 2015 1665 2048; x_wconf 88' lang='lat' dir='ltr'>in</span> 
     </span>
     <span class='ocr_line' id='line_1_30' title="bbox 247 2072 1663 2120; baseline 0 -13"><span class='ocrx_word' id='word_1_254' title='bbox 247 2085 315 2120; x_wconf 86' lang='lat' dir='ltr'>qua</span> <span class='ocrx_word' id='word_1_255' title='bbox 334 2072 482 2107; x_wconf 83' lang='lat' dir='ltr'>educata</span> <span class='ocrx_word' id='word_1_256' title='bbox 496 2073 618 2114; x_wconf 81' lang='lat' dir='ltr'>fuerat,</span> <span class='ocrx_word' id='word_1_257' title='bbox 640 2079 674 2107; x_wconf 90' lang='lat' dir='ltr'>et</span> <span class='ocrx_word' id='word_1_258' title='bbox 690 2072 925 2108; x_wconf 88' lang='lat' dir='ltr'>Romanorum</span> <span class='ocrx_word' id='word_1_259' title='bbox 945 2073 1070 2107; x_wconf 90' lang='lat' dir='ltr'>rituum</span> <span class='ocrx_word' id='word_1_260' title='bbox 1090 2073 1253 2115; x_wconf 86' lang='lat' dir='ltr'>tenacior,</span> <span class='ocrx_word' id='word_1_261' title='bbox 1270 2085 1398 2115; x_wconf 87' lang='lat' dir='ltr'>verum,</span> <span class='ocrx_word' id='word_1_262' title='bbox 1415 2073 1555 2108; x_wconf 86' lang='lat' dir='ltr'>fratrum</span> <span class='ocrx_word' id='word_1_263' title='bbox 1572 2085 1663 2107; x_wconf 87' lang='lat' dir='ltr'>men-</span> 
     </span>
     <span class='ocr_line' id='line_1_31' title="bbox 246 2131 1663 2180; baseline 0 -14"><span class='ocrx_word' id='word_1_264' title='bbox 246 2131 434 2166; x_wconf 87' lang='lat' dir='ltr'>dicantium</span> <span class='ocrx_word' id='word_1_265' title='bbox 453 2131 573 2179; x_wconf 83' lang='lat' dir='ltr'>insigni</span> <span class='ocrx_word' id='word_1_266' title='bbox 592 2132 776 2166; x_wconf 88' lang='lat' dir='ltr'>mendacio</span> <span class='ocrx_word' id='word_1_267' title='bbox 795 2138 980 2172; x_wconf 86' lang='lat' dir='ltr'>commota,</span> <span class='ocrx_word' id='word_1_268' title='bbox 998 2131 1149 2167; x_wconf 86' lang='lat' dir='ltr'>fastidire</span> <span class='ocrx_word' id='word_1_269' title='bbox 1168 2132 1304 2180; x_wconf 85' lang='lat' dir='ltr'>occepit</span> <span class='ocrx_word' id='word_1_270' title='bbox 1317 2146 1325 2172; x_wconf 91' lang='lat'>;</span> <span class='ocrx_word' id='word_1_271' title='bbox 1340 2131 1402 2167; x_wconf 82' lang='lat' dir='ltr'>hos</span> <span class='ocrx_word' id='word_1_272' title='bbox 1421 2144 1499 2167; x_wconf 91' lang='lat' dir='ltr'>cum</span> <span class='ocrx_word' id='word_1_273' title='bbox 1518 2131 1663 2166; x_wconf 88' lang='lat' dir='ltr'>liberali-</span> 
     </span>
     <span class='ocr_line' id='line_1_32' title="bbox 248 2190 1663 2238; baseline 0 -14"><span class='ocrx_word' id='word_1_274' title='bbox 248 2197 298 2225; x_wconf 89' lang='lat' dir='ltr'>ter</span> <span class='ocrx_word' id='word_1_275' title='bbox 327 2190 477 2225; x_wconf 69' lang='lat' dir='ltr'>trac‘care</span> <span class='ocrx_word' id='word_1_276' title='bbox 496 2190 593 2225; x_wconf 87' lang='lat' dir='ltr'>solita</span> <span class='ocrx_word' id='word_1_277' title='bbox 612 2190 704 2232; x_wconf 82' lang='lat' dir='ltr'>effet,</span> <span class='ocrx_word' id='word_1_278' title='bbox 725 2203 842 2225; x_wconf 86' lang='lat' dir='ltr'>eorum</span> <span class='ocrx_word' id='word_1_279' title='bbox 870 2190 1021 2237; x_wconf 86' lang='lat' dir='ltr'>quidam,</span> <span class='ocrx_word' id='word_1_280' title='bbox 1042 2191 1190 2238; x_wconf 83' lang='lat' dir='ltr'>gratiam</span> <span class='ocrx_word' id='word_1_281' title='bbox 1209 2191 1253 2226; x_wconf 88' lang='lat' dir='ltr'>ab</span> <span class='ocrx_word' id='word_1_282' title='bbox 1272 2204 1313 2226; x_wconf 86' lang='lat' dir='ltr'>ea</span> <span class='ocrx_word' id='word_1_283' title='bbox 1332 2191 1416 2225; x_wconf 88' lang='lat' dir='ltr'>inire</span> <span class='ocrx_word' id='word_1_284' title='bbox 1435 2191 1582 2238; x_wconf 72' lang='lat' dir='ltr'>sperans,</span> <span class='ocrx_word' id='word_1_285' title='bbox 1604 2203 1663 2237; x_wconf 89' lang='lat' dir='ltr'>pro</span> 
     </span>
     <span class='ocr_line' id='line_1_33' title="bbox 250 2248 1660 2297; baseline -0.001 -14"><span class='ocrx_word' id='word_1_286' title='bbox 250 2249 416 2284; x_wconf 86' lang='lat' dir='ltr'>concione</span> <span class='ocrx_word' id='word_1_287' title='bbox 444 2248 487 2283; x_wconf 88' lang='lat' dir='ltr'>ad</span> <span class='ocrx_word' id='word_1_288' title='bbox 514 2249 679 2296; x_wconf 91' lang='lat' dir='ltr'>populum</span> <span class='ocrx_word' id='word_1_289' title='bbox 706 2249 838 2284; x_wconf 85' lang='lat' dir='ltr'>dixerat</span> <span class='ocrx_word' id='word_1_290' title='bbox 864 2262 952 2291; x_wconf 87' lang='lat' dir='ltr'>eam,</span> <span class='ocrx_word' id='word_1_291' title='bbox 985 2249 1097 2285; x_wconf 81' lang='lat' dir='ltr'>beatae</span> <span class='ocrx_word' id='word_1_292' title='bbox 1124 2250 1264 2297; x_wconf 81' lang='lat' dir='ltr'>virginis</span> <span class='ocrx_word' id='word_1_293' title='bbox 1293 2249 1445 2284; x_wconf 86' lang='lat' dir='ltr'>sedulam</span> <span class='ocrx_word' id='word_1_294' title='bbox 1475 2249 1660 2289; x_wconf 84' lang='lat' dir='ltr'>cultricem,</span> 
     </span>
     <span class='ocr_line' id='line_1_34' title="bbox 246 2307 1662 2356; baseline -0.001 -14"><span class='ocrx_word' id='word_1_295' title='bbox 246 2308 328 2342; x_wconf 89' lang='lat' dir='ltr'>dum</span> <span class='ocrx_word' id='word_1_296' title='bbox 347 2307 491 2343; x_wconf 86' lang='lat' dir='ltr'>ostream</span> <span class='ocrx_word' id='word_1_297' title='bbox 510 2308 598 2342; x_wconf 87' lang='lat' dir='ltr'>forte</span> <span class='ocrx_word' id='word_1_298' title='bbox 618 2307 923 2355; x_wconf 79' lang='lat' dir='ltr'>quadragesimalis</span> <span class='ocrx_word' id='word_1_299' title='bbox 937 2308 1058 2356; x_wconf 84' lang='lat' dir='ltr'>jejunii</span> <span class='ocrx_word' id='word_1_300' title='bbox 1087 2314 1243 2356; x_wconf 88' lang='lat' dir='ltr'>tempore</span> <span class='ocrx_word' id='word_1_301' title='bbox 1268 2309 1426 2355; x_wconf 84' lang='lat' dir='ltr'>aperiret,</span> <span class='ocrx_word' id='word_1_302' title='bbox 1447 2307 1568 2342; x_wconf 80' lang='lat' dir='ltr'>Mariae</span> <span class='ocrx_word' id='word_1_303' title='bbox 1595 2307 1662 2341; x_wconf 75' lang='lat' dir='ltr'>cffi-</span> 
     </span>
    </p>
   </div>
  </div>
 </body>
</html>
