1922 2767
681 257 1189 295 WEDDERBURNENSI.
1596 266 1636 302 17

230 363 298 410 ipse
321 361 514 401 festinabat,
533 367 566 395 et
585 360 726 396 clientes
751 360 891 408 quidem
917 360 1071 408 impigre,
1091 361 1185 409 quod
1211 361 1411 397 mandatum
1429 369 1513 403 erat,
1531 363 1633 399 facie-

230 421 334 463 bant;
364 426 478 455 tamen
508 419 640 466 patroni
667 431 749 454 cura
766 431 845 454 eum
872 418 1069 460 admonent,
1089 426 1125 454 ut
1144 420 1176 455 se
1202 420 1236 454 in
1255 432 1344 467 equo
1368 421 1553 462 contineat,
1571 434 1635 457 nee

230 485 358 514 temere
376 478 526 518 armatis,
555 477 683 525 quippe
707 477 881 519 inermem,
902 477 1064 524 objiciat3
1085 478 1209 525 quibus
1228 478 1296 518 ille,
1327 483 1348 499 ‘⁶
1365 478 1493 521 Quin,”
1514 479 1634 526 inquit,

231 537 412 572 “tunicam
431 536 530 579 hanc,
560 549 628 584 qua
647 535 778 578 induor,
799 536 951 583 pellitam
974 536 1116 576 inverto,
1135 549 1222 584 quae,
1244 549 1321 572 cum
1340 537 1539 572 intrinsecus
1553 550 1632 573 can-

229 595 309 630 dida
327 595 377 635 fit,
395 595 508 630 loricae
527 595 673 642 speciem
700 594 851 630 hostibus
866 594 1049 641 praebitura
1067 595 1116 629 est
1129 596 1164 637 ;”
1195 601 1240 635 et,
1260 607 1336 630 eum
1356 595 1462 637 dieto,
1483 608 1525 630 ex
1543 608 1633 643 equo

228 653 382 689 defiliens
402 654 621 701 popularibus
640 654 674 688 se
688 653 877 695 immiscuit,
899 653 1057 700 adeoque
1072 653 1205 688 strenue
1225 654 1401 701 pugnavit,
1419 660 1454 689 ut
1469 655 1633 690 summam

228 713 271 748 ab
290 712 448 748 omnibus
466 712 604 747 laudem
622 712 797 747 meruerit.
850 711 980 754 Altera,
1010 711 1103 759 quod
1123 712 1371 748 Boumacarius
1397 713 1536 760 quidam
1555 726 1635 761 cog-

228 771 375 814 nomine,
402 772 458 806 seu
479 771 696 818 Toxopoium
726 770 906 811 malumus,
926 783 1055 818 paucos
1082 771 1155 818 post
1183 770 1265 813 dies,
1286 784 1363 806 cum
1390 771 1423 806 in
1444 772 1635 819 Anglorum

229 842 351 865 manus
368 830 456 865 forte
475 829 649 871 incidisset,
669 829 785 864 multis
803 841 880 864 cum
899 828 1091 876 lachrymis,
1112 829 1316 877 deprecatus
1334 829 1477 871 dicitur-3
1495 830 1636 866 subinde

230 889 392 924 diffitans
411 889 443 923 se
470 888 578 936 proelii
598 887 642 923 ad
666 887 812 929 Kellam,
832 887 877 922 fic
894 893 1035 923 vocatur
1053 888 1157 929 vicus,
1181 888 1258 923 loco
1285 888 1342 923 ubi
1370 894 1561 936 pugnatum
1588 889 1637 924 est

231 948 414 995 proximus,
435 947 527 982 haud
542 947 742 994 participem
756 946 863 987 fuisse,
879 946 982 981 immo
998 947 1085 981 adeo
1100 947 1286 989 innoxium,
1303 953 1349 990 ut,
1370 948 1442 994 ipso
1457 948 1635 983 confli6tus

229 1014 392 1054 tempore,
413 1006 505 1041 domi
524 1006 635 1053 pultes
661 1005 865 1053 pranderet3
896 1005 979 1040 abiit
998 1011 1180 1053 utrumque
1207 1006 1240 1041 in
1260 1005 1476 1053 proverbium
1494 1007 1526 1041 in
1545 1007 1634 1042 hunc

228 1066 333 1113 usque
352 1065 443 1100 diem
471 1065 681 1112 usurpatum,
707 1063 913 1110 Langtom'i
929 1063 1036 1099 lorica
1061 1070 1094 1099 et
1111 1064 1345 1100 Boumacariz'
1355 1066 1526 1112 purgatio
1539 1080 1552 1106 ,·
1578 1066 1635 1101 illa

227 1125 350 1159 fortem
369 1123 595 1163 securitatem,
614 1123 687 1158 haec
705 1123 866 1170 ignavam
885 1122 1126 1165 innocentiam,
1148 1128 1207 1158 aut
1225 1123 1443 1159 innocentem
1461 1124 1633 1172 ignaviam

231 1182 419 1230 designant.
475 1181 659 1223 Caeterum,
680 1193 732 1216 res
749 1180 855 1228 gesta,
876 1180 909 1215 in
925 1181 1037 1215 aulam
1053 1181 1193 1228 perlata,
1210 1187 1309 1229 grata
1327 1182 1399 1229 regi
1414 1182 1490 1223 fuit,
1507 1184 1636 1231 gratos-

231 1253 298 1288 que
317 1241 363 1275 illi
384 1240 532 1276 Humios
555 1239 714 1275 reddidit.
766 1238 812 1274 Et
831 1239 941 1274 aulica
960 1240 1071 1286 gratia
1092 1240 1240 1275 Patricio
1255 1240 1412 1288 quaestori
1430 1241 1569 1276 laudem
1587 1243 1634 1277 as-

227 1299 355 1334 cribere
374 1299 537 1346 majorem
556 1298 756 1346 satagebat3
782 1298 873 1333 domi
892 1298 1026 1340 veritas,
1047 1304 1081 1333 et
1107 1298 1245 1346 publica
1263 1300 1356 1334 sama
1377 1299 1503 1334 Davidi
1527 1300 1633 1335 vindi-

228 1357 341 1393 cabat.
395 1357 427 1392 Is
446 1357 533 1392 adeo
552 1357 637 1392 hosti
652 1356 957 1403 formidabilisjam
976 1356 1054 1398 effe,
1069 1369 1133 1392 nee
1144 1371 1163 1393 a
1178 1363 1321 1405 paterna
1336 1358 1430 1393 caede
1443 1358 1636 1394 ulciscenda

227 1416 392 1458 desistere,
414 1416 523 1451 donec
541 1421 614 1450 tota
632 1428 718 1463 gens
743 1415 822 1450 satis
841 1422 942 1450 antea
960 1417 1150 1456 numerosa,
1175 1429 1252 1464 quae
1270 1417 1345 1464 ejus
1364 1417 1485 1452 auetor
1502 1416 1633 1452 fereba-

227 1482 292 1515 tur,
311 1481 371 1510 aut
389 1474 432 1510 ad
450 1474 719 1509 internecionem
737 1475 834 1516 caesa,
851 1480 910 1509 aut
929 1474 1035 1509 solum
1053 1481 1184 1510 vertere
1203 1476 1327 1511 coacta
1345 1475 1395 1516 fit,
1414 1483 1450 1510 ut
1476 1476 1550 1523 ejus
1575 1487 1634 1510 no—

227 1534 327 1568 minis
345 1546 446 1569 nemo
464 1533 552 1568 intra
570 1532 890 1581 quinquagesimum
909 1545 929 1568 a
953 1533 1061 1568 limite
1082 1533 1233 1582 lapidem
1252 1534 1476 1582 reperiretur3
1496 1534 1539 1570 de
1565 1547 1633 1581 quo

228 1592 309 1627 illud
324 1606 331 1626 ε

491 1702 585 1738 Dum
603 1707 638 1738 te
656 1702 709 1737 fas
724 1707 852 1745 contra,
873 1708 907 1737 et
921 1702 995 1749 puri
1014 1703 1071 1751 pia
1084 1703 1163 1750 jura
1181 1703 1285 1739 duelli

540 1760 751 1796 Confeelmm
769 1766 804 1796 et
822 1760 934 1803 doleo,
955 1767 989 1796 et
1007 1762 1154 1803 vindico,
1173 1774 1300 1810 magne
1318 1769 1426 1811 pater,

493 1818 594 1854 Kella
611 1819 716 1866 pium,
736 1831 800 1854 nec
819 1819 1025 1867 degenerem
1043 1832 1098 1856 me
1116 1820 1209 1864 vidit,
1230 1827 1263 1856 et
1282 1822 1403 1857 auctor

540 1877 703 1925 Quisquis
721 1884 806 1918 erat,
824 1879 946 1913 merita
963 1878 1092 1926 gaudia
1110 1886 1218 1915 morte
1236 1880 1309 1915 luit.

491 1935 635 1972 Umbria
652 1948 733 1977 non,
750 1948 819 1971 non
839 1936 930 1972 Tina
948 1943 1007 1972 tuo
1026 1937 1059 1972 se
1077 1938 1196 1973 funere
1209 1938 1346 1985 jactam

538 1994 690 2042 Expetii,
709 2000 743 2030 et
761 2007 880 2043 poenas
898 1995 1027 2031 hostica
1044 2002 1133 2032 terra
1151 1996 1257 2032 dedit.

496 2052 674 2088 Obstiterit
692 2054 756 2089 vivi
775 2060 834 2089 tua
852 2053 962 2101 gloria
975 2067 985 2098 3
1000 2067 1090 2090 mors
1108 2060 1168 2090 tua
1186 2056 1321 2091 causam

540 2111 740 2153 Praebuerit‚
757 2112 851 2148 laudi
869 2113 1116 2161 materiemque
1133 2126 1230 2150 meae.

278 2229 344 2264 Hic
364 2228 454 2263 idem
473 2229 515 2263 ad
536 2229 750 2270 Fluidonem,
775 2230 894 2277 proelio
916 2242 985 2277 quo
1003 2230 1108 2265 caesus
1135 2229 1183 2264 est
1206 2229 1359 2265 Jacobus
1380 2236 1531 2278 quartus,
1551 2243 1628 2266 cum

230 2287 430 2323 Alexandro
451 2286 580 2323 Humio
597 2288 742 2323 nominis
755 2289 919 2336 principe,
937 2289 1060 2324 fortem
1079 2300 1218 2336 operam
1241 2289 1403 2336 praestitit,
1431 2289 1628 2337 profligatis-

1421 2359 1440 2382 c
