1922 2767
721 269 1234 308 WEDDERBURNENSI.
1623 276 1665 312 61

263 374 347 409 alios
365 371 610 420 interrogabat,
640 378 700 407 aut
727 372 797 420 ipse
824 374 1025 408 sententiam
1055 374 1147 410 suam
1176 375 1366 422 promebat,
1389 376 1669 424 Philosophorum

262 437 413 467 veterum
428 431 522 466 sensa
541 431 754 478 exquirebat,
775 438 809 466 et
828 432 1032 479 disputando
1052 433 1280 480 acqiiirebat3
1309 447 1362 474 ac,
1381 441 1418 469 ut
1436 442 1509 470 erat
1528 437 1669 471 felicissi-

261 502 316 525 ma
334 489 509 532 memoria,
530 489 633 524 semel
652 489 769 524 audita
784 490 966 530 retinebat,
986 491 1152 538 suumque
1171 491 1203 526 in
1224 493 1319 527 usum
1341 493 1576 536 transferebat,
1596 500 1669 529 tan-

260 561 364 597 quam
383 548 532 583 lectione
551 547 703 595 quaefita.
756 548 802 583 Et
820 548 1000 584 lectitabat
1029 550 1180 596 quidem,
1200 562 1277 584 cum
1297 563 1356 598 per
1384 551 1516 598 privata
1534 558 1568 587 ct
1587 552 1670 599 pub-

259 608 326 643 lica
343 607 485 654 negotia
503 605 641 642 licebat.
694 606 810 642 Etiam
830 607 997 642 scribebat
1016 607 1097 655 ipse,
1125 614 1159 643 et
1183 609 1413 644 meditabatur
1431 610 1464 644 in
1486 610 1671 658 Apocalip-

260 666 319 707 fin,
338 666 381 701 de
400 666 525 706 anima,
545 665 588 700 de
606 678 734 706 amore,
762 665 977 709 catechefin,
998 666 1139 707 missam,
1159 667 1191 701 in
1212 667 1325 702 uxoris
1344 668 1493 703 maxime
1512 669 1670 715 gratiam,

260 725 443 760 vernacule
461 723 617 766 reddidit,
641 730 677 758 ut
696 724 770 771 ejus
794 725 923 772 ineptia
949 725 982 759 in
1011 725 1193 772 propatulo
1221 725 1315 761 efl'et.
1368 727 1518 774 Aliaque
1547 727 1671 775 quibus

261 784 389 820 affuiss‘e
415 782 585 831 judicium
604 782 792 823 videamus,
811 783 952 818 defuisse
979 783 1161 824 culturam,
1179 790 1214 818 et
1240 791 1348 819 artem
1375 785 1565 821 doleamus.
1618 786 1672 822 Ea

259 842 283 877 fi
301 841 423 882 fuisset,
442 854 506 876 nec
525 841 568 876 ab
588 841 724 889 incepto
743 842 917 877 literarum
936 843 1034 877 cursu
1061 842 1270 878 abstraxisset
1296 843 1471 879 hominum
1492 845 1534 879 de
1552 845 1671 880 nobili-

260 907 330 937 tate
349 901 476 948 opinio,
495 899 588 947 quasi
607 900 638 935 ei
658 900 764 936 literae
784 901 895 936 minus
915 901 1049 936 decorae
1067 901 1140 944 fint,
1157 914 1224 949 ego
1241 903 1319 937 sane
1335 903 1441 938 sentio
1457 904 1489 938 in
1505 905 1672 939 summum

260 972 339 995 eum
365 959 483 1001 virum,
512 965 546 994 et
572 958 738 1006 insignem
765 961 953 995 evasurum.
1008 960 1156 996 Facetus
1187 968 1310 996 natura
1340 961 1491 997 dicteriis
1522 963 1673 998 delecta-

260 1019 371 1059 batur,
390 1018 466 1066 plus
485 1018 588 1052 etiam
608 1031 712 1065 quam
731 1018 865 1059 vellem,
885 1019 1020 1054 offensae
1039 1019 1197 1060 securior,
1217 1020 1308 1055 unde
1340 1021 1431 1056 acuti
1463 1034 1587 1056 nomen
1615 1022 1674 1057 ob-

260 1077 371 1117 tinuit,
386 1077 500 1111 nescio
520 1089 562 1111 an
582 1076 627 1112 fic
645 1077 841 1112 emendum.
898 1078 1084 1119 Sermonis,
1108 1085 1181 1113 tum
1208 1079 1400 1126 scriptione,
1420 1086 1491 1115 tum
1511 1081 1674 1121 dictione,

261 1148 397 1185 parcus,
415 1135 724 1182 breviloquentiam
752 1137 899 1176 secutus,
918 1136 1007 1171 forte
1035 1143 1069 1171 et
1100 1137 1182 1172 illud
1213 1138 1300 1173 ultra
1326 1139 1490 1182 modum3
1519 1139 1612 1186 quod
1639 1147 1673 1175 et

261 1202 359 1243 pater
389 1194 477 1241 saepe
506 1194 655 1240 questuS,
688 1201 846 1242 oportere
876 1196 920 1235 se,
953 1195 1122 1242 inquiens,
1151 1196 1239 1231 illius
1267 1197 1485 1244 epistolarum
1514 1210 1677 1246 magnam

262 1262 394 1303 partem
420 1256 621 1303 conjectura
650 1254 790 1301 afl'equi.
845 1254 1032 1289 Prudentia
1051 1255 1143 1290 varia
1172 1255 1319 1303 insignis,
1340 1256 1362 1291 fi
1382 1257 1562 1304 quisquam
1589 1258 1677 1293 illius

264 1315 337 1357 aevi,
358 1314 415 1349 illa
434 1314 466 1348 in
496 1314 647 1362 regione,
668 1313 816 1360 politica,
837 1313 1061 1355 oeconomica,
1082 1314 1309 1361 agriculturae,
1338 1315 1519 1362 pecuariae,
1539 1322 1573 1350 et
1600 1329 1677 1364 quae

262 1373 305 1408 ad
324 1373 381 1408 illa
399 1373 580 1420 pertinent,
602 1384 708 1414 cura3
739 1371 838 1419 patrii
863 1371 965 1406 moris
992 1372 1234 1415 scientiffimus,
1255 1385 1318 1407 nec
1338 1373 1444 1408 exteri
1464 1374 1612 1421 ignarus,
1641 1381 1675 1410 et

256 1433 334 1480 jura
349 1430 509 1471 callebat,
528 1437 562 1466 et
581 1431 716 1466 medica
736 1429 937 1478 (empirica)
958 1431 1129 1477 attigerat,
1150 1444 1214 1466 nec
1232 1437 1375 1478 gravate
1391 1438 1424 1466 et
1440 1433 1517 1468 satis
1531 1433 1675 1468 feliciter

259 1489 466 1526 adeuntibus
484 1490 705 1524 consulebat:
731 1489 880 1536 denique
905 1502 973 1524 non
1001 1489 1044 1524 ad
1072 1502 1178 1525 unum
1207 1490 1346 1537 aliquid,
1379 1491 1435 1526 sed
1462 1491 1506 1526 ad
1537 1492 1672 1538 quidvis

261 1556 379 1598 aptum
398 1549 574 1596 ingenium
593 1549 819 1596 agnosceres;
840 1549 1026 1583 universale
1041 1549 1144 1584 liceat
1158 1549 1283 1584 dicere.
1329 1549 1439 1598 Cujus
1457 1551 1675 1591 conscientia,

261 1608 437 1644 sententiae
458 1608 586 1655 ubique
605 1607 769 1650 tenacior,
798 1607 842 1642 fic
869 1614 962 1642 ratus
987 1608 1231 1643 auctoritatem
1258 1608 1406 1643 maxime
1425 1609 1583 1653 retineri;
1612 1622 1676 1645 nec

260 1667 319 1702 sua
337 1667 482 1702 convelli
501 1666 604 1702 facile
623 1666 767 1714 patiens,
788 1678 851 1701 nec
871 1666 1025 1706 aliorum,
1044 1665 1124 1701 licet
1142 1667 1236 1701 recte
1256 1667 1523 1709 admonentium,
1544 1668 1676 1703 senten·

263 1727 328 1762 tias
346 1726 451 1774 sequi,
473 1732 532 1761 aut
551 1738 571 1760 a
589 1737 766 1773 quoquam
786 1725 939 1772 adjuvari
959 1725 1108 1767 volebat,
1129 1732 1174 1765 et,
1193 1725 1215 1760 fi
1231 1738 1300 1772 qua
1318 1725 1455 1772 adjutus
1473 1727 1572 1767 foret,
1591 1727 1676 1762 diffi-

261 1785 438 1828 mulabat;
467 1784 512 1820 ad
531 1784 738 1832 suspiciones
766 1784 870 1818 etiam
901 1784 1050 1831 pronior,
1079 1784 1178 1831 saepe,
1199 1784 1293 1818 eain
1323 1796 1368 1826 re,
1397 1784 1440 1819 de
1466 1791 1589 1820 natura
1617 1786 1677 1821 sua

262 1843 480 1891 querebatur.
536 1842 740 1890 Imperiosus
767 1842 872 1877 etiam
899 1855 977 1877 curn
1007 1843 1169 1877 fratribus
1196 1841 1334 1889 agebat,
1361 1843 1452 1878 unde
1478 1844 1567 1891 saepe
1593 1844 1675 1879 mihi

262 1915 340 1937 cum
359 1902 429 1949 ipso
448 1914 569 1949 graves
588 1914 649 1949 pro
668 1901 802 1936 caeteris
820 1900 1078 1944 controverfiae;
1099 1901 1202 1936 etiam
1222 1914 1282 1948 pro
1301 1913 1354 1936 me
1374 1902 1454 1949 ipso,
1476 1902 1557 1937 dum
1576 1903 1676 1938 nimis

263 1966 401 1995 aetatem
442 1960 716 2008 praerogativam,
754 1966 858 2007 atque
893 1960 972 1994 inde
1007 1960 1188 2007 imperium
1222 1966 1332 2007 urget,
1368 1961 1461 2007 quod
1496 1962 1588 2009 apud
1622 1974 1677 1997 me

262 2020 429 2066 nusquam
447 2019 563 2061 valuit,
587 2031 703 2054 amore
722 2019 792 2053 solo
811 2018 1016 2053 vincendum
1044 2031 1084 2053 ac
1110 2018 1348 2053 vinciendum:
1376 2025 1480 2066 atque
1507 2019 1580 2055 haec
1607 2021 1677 2055 ani-

264 2078 308 2113 mi
335 2083 443 2113 erant.
507 2077 669 2125 Corporis
703 2077 831 2112 statura
861 2077 952 2124 justa
987 2083 1021 2112 et
1051 2077 1231 2124 quadrata,
1272 2077 1394 2119 vultus,
1428 2077 1509 2112 dum
1540 2078 1676 2125 juvenis

264 2143 346 2178 erat,
376 2135 543 2176 amabilis,
572 2142 606 2171 et
636 2136 890 2178 venustiffimus‚
911 2149 1009 2171 crura
1036 2136 1204 2178 decentia,
1228 2136 1315 2171 vires
1342 2136 1499 2183 ingenuae
1526 2143 1560 2172 et
1586 2149 1677 2172 com-

264 2195 400 2237 modae3
429 2195 525 2229 cursu
552 2194 638 2229 inter
661 2195 787 2242 primos
807 2194 947 2235 valens;
973 2207 1085 2229 mores
1113 2200 1147 2229 et
1175 2194 1290 2242 gestus
1320 2195 1456 2237 amoeni,
1477 2201 1571 2230 etex
1590 2196 1677 2230 aulae

264 2265 368 2295 more,
398 2265 534 2294 canere,
554 2252 696 2300 psallere
722 2252 765 2287 ad
790 2252 966 2295 citharam,
988 2252 1109 2288 saltare
1138 2253 1242 2288 etiam
1267 2253 1436 2288 interdum
1456 2254 1504 2288 sat
1522 2254 1614 2296 scite,
1644 2262 1678 2289 et

265 2313 351 2347 intra
379 2311 602 2356 modestiam;
639 2311 752 2347 venari
779 2311 922 2348 canibus
947 2311 1092 2360 lepores,
1124 2317 1158 2348 et
1187 2324 1270 2348 aves
1296 2312 1458 2360 accipitre
1489 2325 1530 2348 ex
1560 2325 1678 2348 eorum
