1922 2767
257 294 301 326 52
702 289 770 326 DE
799 290 1018 327 FAMILIA
1047 290 1219 327 HUMIA

261 403 302 425 eo
321 397 379 426 aut
398 391 505 439 pedes
523 397 581 426 aut
600 403 708 439 equos
726 391 898 439 saepiffime
917 393 1014 428 cursu
1033 400 1174 429 certare.
1228 393 1273 428 Et
1292 405 1400 440 equos
1426 393 1565 440 quidem
1592 404 1666 439 per-

260 449 439 484 niciffimos
466 450 725 497 quanticunque
760 456 794 486 et
824 451 1046 499 undicunque
1081 452 1316 499 comparabat,
1351 464 1392 487 ex
1423 451 1552 487 boreali
1585 451 1667 486 Sco-

260 513 371 542 torum
395 508 512 550 limite,
533 514 592 543 aut
616 521 657 543 ex
679 508 818 555 Anglia,
848 509 967 544 Grami
996 510 1104 545 exulis
1132 523 1248 558 opera,
1277 522 1379 557 quem
1399 523 1418 545 a
1439 509 1667 545 Lochinvario

260 567 539 602 commendatum
555 567 646 614 apud
659 567 692 602 se
706 567 868 610 habebat,
886 568 1135 616 diligentiflime
1150 568 1355 616 conquisitos
1368 582 1376 608 3
1391 569 1471 604 octo
1487 568 1667 608 interdum,

261 630 319 659 aut
338 625 450 672 plures
468 637 573 659 unum
592 625 635 660 ad
655 631 828 661 certamen
847 626 938 661 domi
958 633 1095 674 paratos
1114 627 1275 669 habebat,
1294 633 1330 661 ut
1345 639 1431 667 raro,
1446 626 1504 661 nisi
1518 626 1551 661 in
1567 625 1668 673 ipfius

260 683 410 726 domum,
439 684 564 731 palma,
585 690 618 719 et
637 684 751 719 cursus
779 684 925 732 pretium
944 685 1142 727 deferretur,
1163 685 1222 720 nifi
1251 685 1341 733 quod
1364 685 1546 725 Robertus,
1565 696 1668 732 quem

260 741 416 785 diximus,
445 742 478 777 id
506 742 691 790 aliquando
720 744 911 790 reportarit,
940 744 1110 791 praecipue
1138 744 1236 791 nigro
1255 744 1405 791 quodam
1434 756 1535 790 equo,
1566 755 1669 790 quem

261 801 384 841 nullus,
403 800 519 848 quoad
534 801 627 842 vixit,
642 814 780 849 aequare
794 802 916 849 potuit.
963 802 1037 849 Ipse
1056 803 1158 838 etiam
1175 803 1248 850 ejus
1263 803 1343 838 artis
1367 808 1483 838 tantus
1498 801 1667 849 magister,

261 864 298 893 ut
316 860 403 906 saepe
422 860 598 907 superatus
617 872 695 895 cum
714 860 805 902 effet,
826 861 950 896 octavo
969 861 1043 909 post
1058 861 1112 896 die
1131 862 1274 908 duplum
1289 861 1487 908 deponeret,
1504 873 1545 895 ac
1560 860 1669 895 victor

261 917 433 953 evaderet.
486 918 700 953 Memoratur
718 918 804 954 duos
832 919 978 966 ipsorum
999 919 1164 966 (Davidis
1192 927 1225 955 et
1246 919 1405 963 Roberti)
1433 932 1540 966 equos
1568 918 1669 953 toties

261 976 358 1010 cursu
377 982 546 1024 expertos,
565 983 599 1011 et
617 988 707 1011 nunc
724 976 827 1016 hunc,
846 989 936 1012 nunc
952 978 1046 1012 illum
1060 978 1236 1019 vi&orem,
1255 985 1290 1012 ut
1304 978 1379 1025 quis
1394 978 1514 1025 saepius
1530 976 1666 1018 vicisset,

260 1035 315 1069 vix
334 1035 480 1077 sciretur,
501 1035 640 1069 tandem
659 1035 803 1069 alterurn
822 1035 854 1069 in
874 1036 1060 1070 certamine
1089 1037 1190 1083 (puto
1207 1036 1350 1071 Davidis
1364 1036 1478 1081 fuiffe)
1499 1042 1669 1070 mortuum

261 1093 463 1128 concedisse.
519 1093 653 1140 Saepius
671 1093 775 1127 etiam
793 1093 930 1140 longius
948 1094 1139 1141 spectatum
1154 1094 1256 1129 domo
1271 1094 1352 1136 ibat,
1372 1094 1545 1129 Hadinam
1565 1094 1670 1140 usque

262 1157 321 1185 aut
342 1151 514 1186 Piblifium
535 1151 610 1198 (illa
629 1151 834 1193 octodecim,
855 1151 928 1186 haec
947 1152 1065 1199 viginti
1084 1159 1232 1199 quatuor
1249 1153 1397 1187 millibus
1424 1152 1543 1187 aberat
1569 1152 1666 1197 urbs)

261 1223 301 1244 ac
321 1209 433 1257 plures
451 1210 566 1252 etiarn,
586 1210 717 1257 ingenti
735 1222 811 1244 cum
832 1210 1008 1252 comitatu,
1025 1211 1223 1246 morabatur
1237 1211 1319 1253 dies,
1340 1211 1502 1258 impendii
1522 1211 1668 1250 securus,

264 1268 361 1315 cujus
380 1269 484 1303 nimia
503 1281 584 1303 cura
603 1268 737 1303 sordida
756 1274 828 1303 tum
846 1268 1050 1309 habebatur,
1068 1282 1133 1305 nec
1151 1270 1230 1305 satis
1249 1282 1290 1304 ex
1308 1269 1474 1304 nobilium
1489 1269 1667 1317 dignitate.

265 1327 326 1363 Ille
344 1327 530 1363 honorifice
549 1340 589 1362 ac
608 1327 784 1375 splendida
803 1328 835 1362 in
855 1327 957 1362 domo
976 1328 1132 1370 eductus,
1150 1341 1243 1363 arma
1262 1328 1422 1368 maetam,
1435 1328 1561 1368 venari,
1576 1328 1670 1375 equi-

262 1393 345 1428 tare,
362 1386 517 1434 jaculari,
538 1398 645 1433 equos
664 1386 766 1428 alere,
787 1386 872 1421 aleae
892 1386 996 1421 etiam
1016 1393 1050 1422 et
1068 1387 1226 1422 foliorum
1252 1387 1332 1421 ludo
1359 1387 1536 1427 delectari,
1556 1387 1602 1422 rei
1621 1387 1669 1421 fa-

262 1445 402 1480 miliaris
420 1451 454 1480 et
472 1445 609 1480 familiae
629 1457 759 1485 curam,
778 1457 882 1492 quam
898 1457 1060 1492 magnam
1080 1445 1204 1488 alebat,
1222 1458 1263 1480 ac
1278 1458 1348 1480 rem
1362 1458 1499 1479 omnem
1513 1444 1669 1479 domesti-

264 1517 339 1539 cam
358 1503 530 1545 uxoribus,
548 1510 619 1545 aut,
636 1515 714 1538 curn
734 1515 875 1538 uxorem
895 1516 962 1538 non
982 1503 1143 1545 habebat,
1160 1504 1297 1539 famulis
1311 1504 1558 1538 committebat.
1605 1503 1670 1537 Ita-

263 1575 330 1610 que
349 1575 412 1598 nec
429 1563 523 1597 auxit
541 1562 783 1609 patrimonium
802 1574 865 1597 nec
883 1562 1026 1605 minuit3
1047 1568 1213 1609 quantum
1229 1575 1249 1597 a
1263 1562 1449 1609 majoribus
1464 1562 1607 1609 accepit,
1628 1562 1670 1596 ad

263 1622 370 1656 filium
388 1621 577 1656 transmitit.

313 1679 391 1715 Nec
403 1679 489 1714 inter
503 1679 660 1713 minimas
674 1679 824 1720 virtutes,
842 1679 963 1714 domus
982 1679 1118 1714 Humiae
1132 1691 1284 1714 amorem
1298 1691 1530 1714 annumerem.
1570 1679 1671 1713 Alex-

266 1738 371 1773 ander
389 1738 556 1784 princeps,
577 1737 657 1771 dum
677 1734 833 1772 secundis
852 1738 952 1773 rebus
982 1745 1143 1779 uteretur,
1165 1738 1285 1785 partim
1313 1738 1525 1772 inimicorum
1545 1738 1671 1772 calum-

267 1797 330 1832 niis
348 1797 515 1832 alienatus
533 1797 656 1838 fuerat,
677 1795 771 1843 quasi
790 1796 878 1831 illius
897 1797 1019 1831 aemula
1038 1796 1159 1831 domus
1177 1809 1218 1831 ea
1237 1809 1352 1843 parem
1367 1797 1400 1831 se
1415 1802 1559 1843 gereret,
1580 1797 1673 1843 quod

267 1857 300 1890 in
329 1855 403 1902 ejus
431 1855 581 1890 dedecus
600 1867 742 1902 vergere
774 1854 1074 1901 interpretabatur,
1104 1863 1137 1889 et
1169 1855 1320 1902 praelium
1349 1855 1392 1889 ad
1418 1855 1672 1890 VVedderburni

266 1915 398 1956 horrea,
419 1920 453 1948 et
471 1920 603 1961 patrem
622 1913 668 1948 ibi
689 1919 838 1960 captum,
860 1913 1020 1948 invidiose
1039 1913 1297 1955 memorabant3
1319 1914 1441 1960 partim
1459 1913 1550 1960 quod
1571 1926 1672 1949 avun-

268 1973 362 2008 culos
383 1971 578 2019 Duglafios,
597 1984 666 2018 qua
697 1972 836 2006 omnino
866 1972 1039 2018 opportuit
1067 1984 1107 2006 ac
1136 1972 1251 2006 decuit
1278 1972 1503 2014 observantia,
1524 1973 1672 2013 coleret;

268 2031 391 2079 partim
411 2031 466 2077 (ut
484 2030 607 2076 fertur)
628 2030 661 2064 in
682 2029 925 2064 Blacadarium
951 2036 1120 2076 patruum,
1142 2042 1243 2077 quem
1271 2029 1411 2065 honeste
1433 2031 1586 2066 deserere
1605 2044 1671 2066 non

268 2090 390 2137 potuit,
416 2089 529 2123 nescio
556 2101 625 2135 qua
649 2088 691 2123 de
718 2088 829 2130 causa,
850 2088 929 2122 odio
996 2088 1074 2129 Quo
1092 2088 1224 2123 fanum
1244 2094 1280 2122 ut
1298 2089 1486 2124 factionem
1505 2090 1536 2124 ei
1555 2089 1671 2125 adver-

270 2150 339 2183 sam
368 2148 509 2189 foveret‚
543 2153 577 2181 et
606 2146 793 2181 Alexandri
826 2146 1072 2186 Manderstoni‚
1101 2147 1313 2194 aliorumque
1338 2148 1472 2182 suorum
1500 2148 1673 2184 clientium

270 2207 434 2242 comitatu
452 2218 528 2240 eam
546 2205 691 2247 fulciret,
712 2204 848 2252 aliaque
873 2205 1002 2240 faceret
1019 2204 1111 2240 haud
1130 2205 1208 2240 satis
1227 2206 1339 2246 amici,
1359 2218 1418 2253 pro
1437 2206 1558 2242 domus
1576 2208 1672 2242 meri-

270 2266 322 2307 tis,
343 2265 445 2300 animi
464 2264 600 2299 indicia.
655 2263 742 2304 Quae
761 2263 876 2298 omnia
897 2263 1011 2298 David
1030 2263 1108 2298 satis
1127 2264 1296 2310 patienter
1314 2264 1510 2312 pertulerat,
1526 2272 1560 2299 et
1577 2265 1673 2299 nihil·

270 2324 403 2359 ominus
422 2335 510 2365 eum,
531 2335 600 2370 qua
618 2322 739 2370 potuit,
760 2321 922 2362 coluerat,
943 2329 978 2357 ut
992 2322 1130 2357 familiae
1149 2329 1182 2357 et
1200 2322 1307 2358 tribus
1322 2329 1434 2370 caput,
1451 2323 1530 2358 huic
1544 2324 1671 2358 nomini
