1922 2767
272 274 316 310 70
705 270 776 307 DE
806 271 1025 307 FAMILIA
1053 271 1226 307 HUMIA

273 373 306 408 in
336 374 503 410 Merciam
530 374 705 418 tranfiret3
736 375 941 410 Gualterum
968 380 1097 410 certum
1123 375 1183 410 fibi
1208 374 1362 416 hostem3
1391 387 1459 409 non
1490 374 1582 422 poffe
1612 387 1691 410 cum

276 439 421 480 utroque
440 434 625 469 amicitiam
644 433 833 469 consistere.
887 434 943 469 Ad
962 447 1004 469 ea
1024 434 1197 482 Georgius
1215 434 1336 469 leniter
1354 446 1450 469 orare
1473 446 1543 469 rem
1567 434 1689 469 melius

276 493 507 540 expenderet3
535 505 602 528 non
630 493 721 540 poffe
748 493 782 528 se
803 499 874 528 tam
891 493 1068 528 honestam
1086 493 1242 528 locandae
1261 493 1380 527 sororis
1399 493 1612 527 occasionem
1630 493 1689 527 ho-

276 551 369 586 neste
384 552 540 586 amittere
555 565 563 593 3
583 551 666 586 nihil
681 552 747 586 effe
762 551 854 598 quod
869 551 911 586 de
926 552 984 586 sua
999 552 1149 586 amicitia
1160 551 1260 586 nimis
1274 551 1422 586 solicitus
1437 551 1529 594 effet,
1545 563 1689 598 gnarum

275 611 309 644 se
336 610 418 657 quid
445 610 604 645 amicitiae
631 610 728 657 leges
754 610 936 657 postulent,
955 622 1020 645 nec
1038 610 1104 645 effe
1123 610 1156 644 in
1176 623 1235 645 eas
1255 616 1501 657 peccaturum3
1530 610 1690 644 daturum

277 681 417 715 operam
435 681 478 703 ne
498 681 539 703 ea
558 668 704 703 affinitas
723 668 753 703 ei
772 681 870 703 noxae
888 668 936 710 fit,
959 668 1016 703 sed
1030 669 1102 703 usui
1119 683 1127 712 3
1149 668 1236 703 bene
1255 669 1288 704 se
1307 668 1349 703 de
1363 668 1490 715 juvene
1509 668 1599 703 Caro
1618 668 1689 715 spe-

276 739 361 766 rare,
389 739 432 761 ne
459 726 501 761 de
528 727 606 762 sene
634 727 833 774 desperare3
860 727 1048 762 succefl'ura
1074 727 1189 762 omnia
1216 728 1248 761 in
1273 727 1395 762 melius
1424 726 1511 767 effe3
1538 727 1690 761 omnium

278 784 581 820 controversiarum
609 786 709 820 finem
737 798 801 820 nec
820 785 911 832 poffe
929 785 1112 827 honestius,
1133 792 1167 820 et
1185 786 1313 832 majore
1332 786 1494 827 omnium,
1519 791 1555 819 ut
1581 786 1691 832 spera-

277 844 347 884 bat,
375 844 466 879 bono
492 844 574 879 fieri.
629 844 718 879 Cum
745 844 827 878 nihil
855 844 1044 891 proficeret,
1074 844 1216 879 disceflit
1237 844 1435 879 Alexander
1459 844 1516 886 ita,
1541 850 1576 878 ut
1595 850 1629 878 et.
1648 844 1691 892 ab

277 902 427 937 amicitia
446 903 619 938 discedere
637 903 830 945 videretur3
850 902 962 949 pergit
983 903 1157 950 Georgius
1175 903 1257 937 nihil
1277 903 1309 937 id
1329 909 1492 943 moratus,
1507 908 1542 937 et
1553 903 1690 949 nuptias

278 962 436 1009 peragit;
465 974 528 997 nec
555 962 735 1008 gentilium
762 967 877 996 tamen
906 961 1043 1001 oblitus,
1066 967 1099 996 et
1118 962 1213 1008 pacis
1232 961 1453 996 conficiendae
1472 961 1602 1001 avidus,
1621 973 1691 996 rem

279 1033 321 1055 eo
348 1020 500 1062 deduxit,
529 1027 565 1055 ut
592 1019 731 1055 tandem
759 1020 846 1054 inter
872 1024 986 1066 partes
1005 1020 1210 1061 conveniret,
1227 1020 1371 1054 multum
1386 1021 1419 1054 in
1447 1020 1519 1067 ejus
1545 1020 1692 1067 gratiam

278 1079 435 1119 cedente,
467 1079 510 1114 de
537 1079 613 1125 jure
640 1079 710 1120 suo,
743 1077 844 1120 Caro,
884 1083 920 1112 ut
952 1078 1066 1124 palam
1097 1078 1308 1113 satisfafflm
1338 1078 1397 1113 fibi
1424 1079 1663 1125 profiterentur
1679 1093 1689 1121 3

277 1144 392 1172 tamen
412 1137 564 1173 dolorem
584 1138 690 1176 suum,
710 1135 804 1183 quafi
829 1136 951 1183 injuria
977 1136 1104 1176 affecti,
1125 1136 1219 1183 quod
1238 1136 1368 1183 injuriae
1387 1137 1503 1184 aliqua
1521 1143 1617 1184 parte
1635 1137 1693 1172 de-

278 1195 361 1242 pulfi
380 1195 496 1235 essent,
516 1196 604 1231 clam
623 1194 774 1234 alebant,
794 1194 887 1241 quod
907 1194 1015 1241 prima
1034 1194 1211 1229 occafione
1226 1194 1343 1230 oblata
1357 1195 1479 1242 erupit.
1531 1195 1625 1230 Nam
1643 1196 1693 1230 so-

278 1255 362 1294 luto,
389 1254 433 1289 ob
459 1254 626 1289 Johannis
656 1253 737 1288 Cari
765 1253 982 1294 adulterium,
1011 1253 1240 1295 matrimonio,
1270 1266 1348 1288 curn
1376 1254 1550 1302 Georgius
1574 1255 1693 1289 sororis

280 1313 415 1348 causam
444 1318 574 1360 ageret,
600 1312 796 1359 dotemque,
821 1311 898 1358 jure
926 1311 1117 1358 repetitam,
1146 1312 1247 1347 armis
1273 1312 1472 1353 vindicaret,
1493 1304 1693 1347 Alexander

281 1371 469 1405 Huttonius
488 1371 521 1405 se
540 1371 571 1406 ei
585 1371 734 1418 jungere
752 1370 930 1410 recusavit,
943 1369 1008 1404 hoc
1024 1370 1142 1416 ipsum,
1158 1369 1251 1404 haud
1266 1370 1344 1405 satis
1358 1370 1519 1418 ingenue,
1535 1383 1598 1405 nec
1613 1383 1691 1405 can-

279 1429 357 1464 dide
385 1430 553 1464 causatus.
609 1429 776 1469 Quartam
804 1429 950 1462 sororem
982 1427 1189 1470 Johannam,
1218 1429 1292 1475 post
1319 1429 1449 1476 aliquot
1475 1442 1592 1471 annos,
1622 1430 1691 1476 ipse

279 1496 361 1522 tunc
379 1488 532 1527 maritus,
554 1487 730 1523 Gulielmo
748 1487 971 1527 Cockburno,
986 1499 1088 1534 quem
1108 1487 1266 1529 diximus,
1288 1487 1451 1523 ambienti
1471 1494 1505 1523 et
1519 1488 1693 1522 deamanti

278 1547 434 1588 elocavit,
455 1559 495 1580 ac
514 1546 629 1581 dotem
647 1546 763 1593 aliqua
781 1546 886 1580 auxit.

330 1605 385 1640 De
404 1604 505 1652 ipfius
523 1604 752 1644 matrimonio,
771 1604 853 1651 quid
870 1603 1058 1651 aliquando
1073 1604 1227 1646 voluerit,
1244 1604 1326 1651 quid
1340 1604 1529 1651 impediret,
1547 1604 1692 1639 diximus

279 1665 396 1711 supra;
426 1676 468 1697 ea
496 1663 624 1703 omissa,
652 1662 696 1697 ad
724 1662 871 1697 sororem
902 1662 1130 1709 Margaritam
1160 1662 1372 1710 Duglafiarn,
1407 1662 1563 1697 Gualteri
1597 1663 1690 1698 Scoti

284 1721 475 1757 Balcluchii
496 1721 645 1764 viduam,
667 1721 727 1756 sed
747 1721 803 1755 diu
823 1721 907 1768 post,
929 1721 1078 1755 animum
1099 1721 1236 1768 adjecit.
1289 1721 1417 1756 Verum
1436 1727 1470 1756 et
1488 1722 1566 1756 inde
1595 1723 1691 1757 suasu

281 1780 448 1815 Joliannis
467 1779 646 1814 Johnstoni
673 1779 830 1814 avunculi
850 1779 1000 1819 destitit;
1027 1780 1084 1814 illa
1106 1780 1224 1827 postea
1252 1779 1432 1814 Francisco
1463 1780 1602 1815 Stuarto
1623 1780 1690 1815 Bo-

281 1838 410 1872 thuelio
425 1837 546 1885 nupsit.
601 1837 808 1884 Conjecerat
826 1844 906 1873 ante
921 1838 1038 1873 oculos
1058 1838 1090 1872 in
1110 1838 1306 1873 Johannam
1322 1837 1542 1880 Halidanam,
1559 1838 1688 1874 Johan-

283 1897 335 1931 nis
368 1896 570 1943 Gleneglifii
604 1896 763 1938 sororem,
794 1908 813 1930 e
844 1896 962 1936 tribus,
994 1909 1071 1943 quae
1103 1897 1255 1943 innuptae
1286 1896 1470 1937 restabant,
1501 1897 1688 1939 minimam,

284 1955 426 2003 egregia
444 1955 555 1989 forma
573 1954 750 2001 virginem,
779 1960 813 1989 et
836 1954 951 1989 indole
977 1955 1035 1989 sua
1054 1954 1141 1989 bene
1160 1960 1339 1995 moratam,
1358 1960 1391 1990 et
1409 1955 1526 1990 matris
1546 1955 1691 1991 Lundiae

282 2025 409 2060 magna
428 2025 507 2047 cura
526 2012 666 2047 honeste
685 2018 718 2047 et
736 2013 791 2060 pie
810 2012 971 2048 ecluetam
989 2026 998 2055 3
1018 2012 1075 2047 sed
1094 2024 1171 2047 cum
1190 2012 1282 2047 illam
1303 2012 1429 2047 Davidi
1445 2013 1538 2047 fratri
1553 2013 1690 2048 deama-

283 2079 353 2107 tam
372 2071 535 2113 crederet,
556 2083 620 2106 nec
638 2071 731 2106 illam
746 2071 858 2105 alieno
877 2070 910 2105 in
930 2083 1008 2105 eum
1027 2070 1141 2105 animo
1168 2070 1246 2110 effe,
1265 2083 1285 2105 a
1303 2071 1453 2117 petenda
1470 2071 1689 2106 abstinuerat.

288 2130 334 2165 Et
362 2135 435 2165 erat
450 2129 591 2176 quidem
611 2135 729 2165 mutua
748 2141 788 2163 ac
815 2128 956 2163 honesta
982 2128 1069 2163 inter
1097 2128 1171 2163 illos
1199 2128 1453 2169 benevolentia,
1481 2129 1538 2165 sed
1565 2142 1689 2177 expen-

288 2189 382 2224 denti
416 2188 510 2222 lenta
541 2188 626 2235 spes,
659 2193 797 2235 propter
828 2187 1003 2234 utriusque
1034 2187 1207 2222 tenuiores
1241 2187 1434 2228 facultates,
1469 2187 1561 2234 poss'e
1597 2199 1689 2222 com-

283 2247 384 2282 mode
402 2246 617 2281 matrimonio
632 2246 744 2294 jungi.
798 2245 921 2292 Itaque
941 2245 1066 2287 David,
1088 2258 1165 2280 cum
1187 2258 1264 2280 eam
1282 2246 1376 2281 fratri
1405 2246 1507 2281 corde
1525 2245 1592 2280 effe
1610 2258 1689 2280 con-

280 2307 414 2353 jiceret,
433 2305 525 2340 haud
544 2317 680 2352 aequum
699 2310 804 2346 ratus,
822 2310 856 2340 et
874 2304 986 2339 fratris
1001 2303 1120 2347 amori,
1139 2310 1173 2339 et
1192 2304 1330 2352 virginis
1348 2304 1529 2340 commodo
1544 2303 1687 2345 obstare,
