1922 2767
678 285 1185 323 WEDDERBURNENSI.
1596 291 1638 324 15

227 387 479 424 WVedderburni
499 398 613 421 arcem
637 384 868 420 insultabundi
896 384 1137 425 transcurrunt,
1158 383 1217 430 qni
1244 382 1289 418 ibi
1317 382 1411 430 quati
1430 384 1463 418 in
1482 384 1635 431 praefidio

224 453 331 487 erant,
349 445 504 481 defuncti
525 444 669 492 Georgii
695 443 826 485 famuli,
848 442 1068 490 permittente
1088 441 1236 483 Davide,
1257 447 1330 476 turn
1348 442 1408 476 sua
1426 442 1469 484 vi,
1489 448 1561 477 turn
1588 443 1636 477 in-

223 505 370 553 stigante
388 504 489 552 ipfius
507 509 627 546 matre,
650 502 794 550 Georgii
813 501 928 541 vidua,
946 501 1049 536 virilis
1068 500 1171 535 animi
1192 500 1347 541 foemina,
1367 500 1538 548 proposito
1557 501 1636 535 satis

223 576 363 611 magno,
381 568 418 597 ut
432 573 504 598 tum
523 568 620 598 erant
646 567 813 608 tempora,
839 560 960 595 decem
978 559 1139 594 librarum
1159 559 1312 606 praernio,
1332 559 1363 594 ei
1388 559 1446 606 qui
1467 559 1632 606 Anglum,

223 622 316 671 quast
335 622 379 657 ad
398 622 509 657 mariti
527 634 657 662 manes,
675 619 866 661 maetaffet,
886 618 1065 666 eruptione
1084 618 1116 653 in
1136 618 1294 666 palantes
1307 618 1415 659 facta,
1430 625 1577 665 quatuor
1596 630 1637 653 ex

223 681 340 729 primis
358 680 537 723 occidere3
558 681 673 728 seque,
694 679 770 721 hoc,
791 685 828 713 ut
843 677 1166 726 interpretabantur,
1187 677 1290 712 futuri
1310 677 1415 724 praelii
1435 676 1549 712 omine
1568 676 1636 711 ala-

225 753 308 782 cres,
329 740 363 774 in
382 739 558 775 castellum
573 739 737 786 recipere.
790 737 896 784 Angli
915 736 1020 771 nihilo
1039 736 1175 784 segnius
1194 736 1227 770 in
1247 736 1397 783 incoepto
1413 735 1572 783 perstare,
1593 735 1637 770 ad

225 799 347 834 collem
366 798 571 834 destinatum
589 797 776 845 pervenire,
797 795 940 842 insignia
958 795 992 830 in
1010 795 1204 830 summitate
1222 794 1381 836 statuere,
1405 794 1570 842 oppidum
1589 794 1636 829 in-

225 857 381 900 cendere,
402 863 436 892 et
454 869 530 904 quae
550 856 677 891 circum
696 860 793 890 erant
811 855 969 902 diripere.
1019 853 1122 889 Forte
1141 866 1183 889 eo
1202 854 1273 901 ipso
1292 853 1357 895 die,
1377 853 1545 889 Patricius
1564 852 1637 888 Hu-

224 917 321 958 mius,
342 915 497 951 defuncti
513 915 657 963 Georgii
672 915 786 956 frater,
807 914 877 961 qui,
896 913 1014 948 audita
1029 913 1117 948 illius
1131 913 1237 955 caede,
1254 925 1331 948 cum
1351 912 1395 947 ab
1411 913 1500 954 aula,
1518 912 1575 947 ubi
1591 913 1636 952 se,

226 982 262 1010 ut
280 982 360 1022 pote
379 975 451 1022 regi
470 987 491 1009 a
508 974 690 1021 quaestura,
710 979 746 1007 ut
764 973 946 1020 plurimum
967 971 1177 1014 continebat,
1198 978 1232 1007 et
1251 972 1370 1019 sponte
1390 972 1503 1007 fratris
1522 984 1638 1006 aman-

224 1034 375 1074 tiffimus,
395 1040 429 1069 et
447 1046 550 1081 quem
569 1033 660 1080 regis
678 1032 832 1067 hortatus
851 1032 910 1066 sua
928 1030 1166 1077 indignatione
1185 1030 1396 1078 impleverat,
1418 1030 1451 1065 in
1469 1030 1638 1065 Merciam

226 1092 376 1134 veniss'et,
390 1092 528 1140 illicque
546 1092 579 1126 in
592 1091 753 1126 vindictae
768 1089 981 1125 occasionem
996 1090 1156 1131 intentus,
1173 1089 1365 1124 substitiffet
1379 1089 1532 1124 hostibus
1544 1089 1638 1129 nihil,

224 1158 296 1186 tam
314 1151 422 1186 multo
440 1157 605 1198 tempore,
626 1148 860 1191 tentantibus,
877 1148 1060 1195 desperans
1078 1148 1264 1195 quicquam
1283 1148 1351 1183 cito
1369 1154 1534 1188 moturos,
1553 1148 1639 1183 redi-

225 1217 296 1244 tum
316 1210 349 1244 in
368 1210 481 1245 aulam
501 1208 657 1257 parabat,
673 1208 816 1255 jamque
839 1207 1025 1254 Langtonii
1045 1207 1121 1242 clivi
1136 1207 1261 1254 jugum
1280 1207 1474 1255 superabat,
1493 1220 1570 1242 cum
1590 1220 1639 1241 re·

226 1269 371 1316 spiciens
383 1269 475 1304 videt
490 1281 510 1303 a
524 1274 621 1315 tergo
641 1266 778 1302 crebras
792 1267 961 1301 collucere
976 1266 1142 1308 flammas,
1159 1272 1289 1301 certum
1305 1266 1522 1301 adventantis
1537 1266 1640 1301 hostis

226 1326 412 1371 indicium3
433 1328 562 1374 itaque,
582 1331 714 1361 mutato
733 1325 889 1367 concilio,
910 1337 978 1372 qua
997 1325 1109 1372 potuit
1136 1324 1312 1359 eeleritate
1327 1325 1371 1359 ad
1386 1325 1462 1360 suos
1477 1325 1639 1364 reversus,

228 1387 365 1429 Dzwidi,
386 1386 444 1433 qui
464 1386 583 1433 sejam
602 1393 805 1424 armaverat,
825 1384 1015 1431 conjungit.
1070 1384 1170 1418 Illum
1186 1383 1301 1419 David
1321 1384 1510 1431 amplexus,
1530 1390 1563 1418 et
1582 1384 1640 1418 ad*-

225 1445 476 1480 hortationibus
495 1445 651 1486 incitans,
672 1456 715 1478 ne
735 1443 852 1491 patriae
878 1443 1115 1490 direptionem,
1140 1455 1183 1477 ne
1202 1443 1297 1477 suum
1316 1443 1460 1483 luctum,
1479 1455 1521 1477 ne
1540 1442 1641 1477 hosti-

225 1517 281 1539 um
295 1504 548 1539 insultationem
563 1503 707 1537 inultam
719 1503 857 1542 ferrent,
870 1502 994 1536 irarum
1010 1514 1050 1536 ac
1062 1501 1132 1548 spei
1147 1501 1280 1548 plenus,
1296 1507 1513 1537 accurrentes
1525 1500 1641 1548 passim

227 1564 356 1597 amicos
375 1568 409 1597 et
428 1562 571 1597 clientes
590 1562 704 1596 alacer
730 1561 868 1608 excipit,
895 1560 1018 1595 eadem
1044 1560 1179 1607 ingerit,
1200 1560 1389 1607 suadetque
1411 1566 1448 1595 ut
1466 1561 1499 1595 se
1519 1560 1642 1595 ducem

228 1622 260 1656 in
281 1621 445 1656 ultionem
473 1622 669 1668 sequantur.
723 1619 785 1661 Ita,
807 1631 884 1654 cum
915 1619 1123 1666 quingentos
1152 1619 1284 1654 circiter
1312 1620 1445 1666 equites
1476 1620 1508 1653 in
1537 1631 1643 1653 unum

228 1680 428 1727 collegisset,
448 1679 491 1714 ad
510 1679 740 1714 confluentem
762 1677 1017 1713 Wedderburni
1036 1683 1070 1712 et
1091 1677 1274 1712 Blacadari
1291 1678 1454 1719 amnium,
1469 1691 1538 1725 qua
1556 1677 1642 1713 redi-

227 1745 340 1774 turum
359 1739 490 1773 hostem
517 1737 756 1785 prospiciebat,
784 1737 897 1771 locum
927 1748 1053 1783 pugnae
1080 1736 1188 1783 eligit,
1208 1742 1242 1771 et
1261 1737 1385 1771 amotis
1413 1737 1511 1784 equis
1538 1749 1642 1784 quain

231 1797 326 1844 poffit
345 1797 576 1839 occultissime,
593 1796 746 1832 confidit.
792 1795 846 1830 Ea
864 1801 987 1830 natura
1005 1794 1069 1830 loci
1086 1795 1143 1837 est,
1162 1801 1198 1830 ut
1216 1795 1377 1842 conspici,
1392 1796 1451 1830 nifi
1467 1796 1510 1830 ab
1526 1795 1643 1831 admo-

233 1857 312 1890 dum
336 1856 545 1903 propinquis,
567 1856 642 1890 clivi
661 1855 825 1902 paulatim
846 1854 1047 1900 assurgentis
1073 1853 1260 1901 gibbofitas
1287 1867 1354 1889 non
1373 1854 1469 1889 finat.
1526 1854 1644 1889 Emisit

231 1915 335 1949 etiam
355 1915 498 1950 selectos
517 1927 559 1950 ex
578 1914 670 1949 omni
689 1926 830 1948 numero
850 1914 984 1961 equites
1003 1913 1190 1960 sexaginta,
1210 1913 1268 1960 qui
1290 1913 1437 1948 hostium
1455 1913 1643 1960 speculato-

232 1986 284 2008 res
303 1980 509 2016 coercerent,
531 1980 590 2008 aut
609 1974 641 2008 se
661 1973 810 2008 intentos
829 1972 1046 2007 adverterent
1064 1983 1107 2006 ne
1126 1972 1404 2020 appropinquare
1423 1972 1566 2019 possent,
1586 1979 1644 2007 aut

234 2031 368 2067 infidias
387 2032 571 2079 detegere3
593 2032 632 2067 iis
650 2031 815 2067 mandata
834 2031 903 2073 dat,
925 2037 973 2071 ut,
988 2043 1066 2065 cum
1082 2030 1124 2065 ad
1143 2031 1257 2065 locum
1272 2030 1398 2066 infidiis
1416 2031 1645 2078 propinquum

234 2092 417 2125 deventum
436 2091 535 2131 foret,
554 2091 586 2125 in
615 2090 720 2138 pedes
747 2089 966 2131 descendant,
997 2102 1038 2124 ac
1064 2101 1173 2137 equos
1197 2089 1390 2132 demittant,
1421 2090 1469 2124 ita
1494 2090 1646 2125 futurum

235 2156 337 2191 ratus,
358 2149 450 2195 quod
471 2155 504 2183 et
523 2149 645 2191 evenit,
666 2155 702 2183 ut
722 2149 838 2196 aliqua
856 2148 1003 2183 hostium
1025 2161 1114 2195 pars,
1135 2148 1232 2195 equis
1259 2149 1438 2196 captandis
1464 2149 1608 2189 intenta,
1627 2161 1646 2181 a

233 2220 351 2255 pugna
370 2207 602 2242 diverteretur.
655 2207 759 2242 Juvat
782 2207 874 2242 haud
901 2219 1022 2254 parum
1042 2207 1086 2242 ad
1104 2207 1170 2241 hoc
1188 2207 1297 2254 ipsum
1319 2207 1514 2242 Gulielmus
1535 2207 1647 2241 Cock-

234 2267 362 2301 burnus
384 2265 558 2313 Langtoni
585 2266 797 2308 comarchus,
823 2266 871 2301 vir
897 2266 1016 2300 fortior
1042 2265 1180 2301 habitus
1207 2278 1312 2313 quam
1339 2266 1549 2313 prudentior,
1576 2265 1644 2312 qui,

234 2338 312 2361 curn
332 2325 463 2373 privato
482 2325 540 2360 suo
559 2324 737 2366 comitatu,
756 2325 799 2360 ab
814 2325 960 2360 hostium
979 2324 1087 2372 primo
1107 2324 1271 2367 adventu,
1288 2330 1361 2360 toto
1377 2324 1432 2360 die
1451 2324 1591 2359 infestus
1609 2324 1648 2358 iis
