1922 2767
706 271 1215 308 WEDDERBURNENSI.
1622 276 1668 307 53

253 377 368 411 omnia
386 376 596 412 condonans.
650 376 796 411 Mutatis
818 376 890 422 jam
910 375 1022 417 rebus,
1043 387 1121 410 cum
1147 375 1343 410 Alexander
1372 376 1415 410 ad
1442 375 1569 422 reginae
1596 376 1665 410 fac-

252 435 379 470 tionem
399 435 594 477 descivisset,
618 434 731 470 David
750 447 814 469 nec
832 434 1000 469 bonorum
1025 446 1089 468 nec
1116 440 1281 469 terrarum
1306 434 1379 481 ejus
1401 434 1586 481 quicquam
1606 446 1665 468 un-

252 506 355 540 quam
375 494 544 541 attingere
563 494 680 529 voluit.
734 493 850 528 Etiam
869 505 946 527 cum
966 493 998 527 in
1018 492 1183 527 conflictu
1201 492 1352 540 quodam
1372 498 1493 540 captus
1512 492 1604 532 estet,
1624 505 1663 527 ac

255 551 402 587 Letham
428 553 565 593 ductus,
584 553 694 587 amice
713 552 807 592 adiit,
826 551 994 593 salutavit,
1015 551 1195 591 allocutus,
1215 551 1409 586 consolatus
1435 550 1495 590 est,
1515 556 1549 585 et
1567 562 1665 597 roga-

252 618 306 646 tus
324 610 424 646 fidem
444 624 505 658 pro
524 624 565 646 eo
580 611 674 646 dedit
689 623 756 645 non
772 611 805 645 se
819 609 1079 649 subducturum,
1095 616 1131 644 ut
1145 609 1304 644 liberiore
1319 609 1473 645 custodia
1488 615 1639 644 uteretur
1654 623 1663 650 3

252 669 310 704 sed
328 676 362 705 et
381 670 472 718 apud
490 670 716 710 Mortonium‚
736 675 772 704 ut
796 669 1108 710 reconciliarentur,
1128 668 1320 710 intercessit,
1341 674 1375 703 et
1393 667 1523 715 prolixe
1542 668 1573 702 ei
1592 668 1665 714 ejus

253 729 439 764 amicitiam
466 728 729 770 commendavit,
749 728 841 762 irrito
868 732 1007 767 conatu,
1035 726 1092 762 sed
1121 727 1214 774 quod
1241 727 1377 761 suarum
1406 733 1479 762 erat
1506 726 1666 774 partium,

253 787 425 834 praestans.
479 787 518 822 Id
538 787 735 822 Alexander
753 786 786 821 in
806 785 951 821 adversis
969 786 1115 833 primum
1134 792 1168 820 et
1187 785 1338 832 agnovit,
1359 792 1393 820 et
1411 785 1574 833 profess'us
1593 785 1664 827 est3

249 846 357 881 solum
374 859 453 881 eum
471 859 549 882 vere
576 846 650 893 ejus
676 845 825 881 amicum
851 845 990 884 dicens;
1019 850 1161 879 caeteros
1189 844 1335 879 fortunae
1364 843 1438 890 ejus
1466 856 1533 878 non
1562 842 1663 890 ipsius

251 904 371 948 suifl'e3
391 906 463 940 sero
478 905 511 940 id
530 917 668 940 cernere
687 911 721 940 et
738 904 868 952 pigere,
889 903 982 951 quod
1001 903 1170 938 immerito
1190 903 1221 938 ei
1240 903 1387 950 iniquior
1401 902 1526 945 fuerit;
1548 914 1665 936 verum

251 963 274 998 fi
288 963 414 999 viveret
429 976 470 999 ac
484 964 625 1011 vigeret,
639 964 939 1011 compensaturum
952 976 960 1003 ;
976 975 1039 997 nec
1054 962 1160 997 alium
1173 974 1215 997 ex
1229 961 1426 1009 gentilibus,
1441 961 1498 1008 qui
1512 961 1664 1001 aderant,

253 1023 364 1058 amico
382 1023 477 1058 vultu
492 1022 654 1071 dignatus
672 1022 732 1057 est.
786 1022 839 1056 Ea
858 1021 939 1056 mibi
969 1021 1107 1055 demum
1127 1033 1205 1055 vere
1225 1020 1377 1055 amicitia
1402 1020 1461 1060 est,
1481 1032 1585 1067 quam
1604 1032 1667 1054 nec

254 1081 384 1128 injuriae
403 1082 436 1116 in
455 1081 712 1117 fecundioribus
726 1081 828 1116 rebus
852 1080 1075 1127 disrumpunt,
1104 1092 1168 1114 nec
1186 1079 1218 1114 in
1241 1078 1390 1114 adversis
1409 1079 1512 1120 flecti,
1534 1084 1592 1113 aut
1611 1078 1668 1112 de-

254 1140 320 1175 efl'e
338 1140 396 1175 ulli
415 1140 527 1176 officio
546 1140 706 1182 sustinet3
726 1152 790 1175 nec
809 1139 981 1174 blanditur
999 1138 1075 1178 illis,
1094 1151 1158 1173 nec
1177 1138 1238 1173 has
1253 1137 1400 1181 deserit;
1421 1144 1456 1172 et
1474 1137 1554 1172 licet
1573 1138 1665 1172 varie

253 1198 414 1239 laceffita,
432 1199 497 1234 fert
516 1211 616 1246 aequo
632 1199 746 1234 animo
765 1199 953 1233 amicorum
973 1209 1113 1232 errores.
1168 1196 1275 1231 Haud
1300 1196 1450 1232 absimile
1469 1196 1665 1244 exemplum

259 1259 290 1293 in
310 1258 378 1293 filio
397 1258 471 1305 ejus
491 1257 657 1305 Georgio,
687 1270 770 1304 erga
790 1256 1037 1297 Alexandrum,
1065 1255 1166 1302 hujus
1187 1255 1375 1290 Alexandri
1402 1255 1519 1296 filium,
1538 1254 1667 1289 videbi·

254 1329 341 1352 mus.

305 1375 438 1410 Habuit
460 1388 584 1410 uxores
611 1375 707 1417 duas,
735 1374 883 1409 Mariam
908 1374 1146 1413 Johnstonam‚
1174 1386 1251 1420 quae
1275 1373 1400 1408 liberos
1422 1373 1452 1408 ei
1471 1373 1614 1420 peperit,
1635 1379 1669 1408 et

256 1434 492 1482 Margaretam
521 1434 658 1475 Caram,
686 1446 763 1481 quae
787 1433 910 1468 nullos.
964 1432 1048 1467 Erat
1072 1432 1264 1467 Johnstona
1284 1432 1433 1467 Andreae
1454 1432 1669 1479 Elphinstoni

255 1493 345 1535 filia3
374 1493 402 1528 is
424 1493 456 1527 in
486 1492 657 1527 Lothiana
682 1491 883 1527 comarchus
906 1491 986 1526 satis
1010 1491 1181 1538 locuplete
1206 1491 1239 1525 in
1262 1490 1376 1530 domo,
1402 1490 1458 1525 sed
1477 1502 1582 1537 quam
1600 1490 1670 1537 ipse

254 1552 445 1600 prudentia,
472 1551 716 1590 munificentia,
742 1550 998 1598 magnificentia
1022 1551 1121 1597 supra
1145 1555 1297 1590 caeteras,
1324 1549 1480 1596 quamvis
1501 1549 1670 1596 opulenti-

255 1623 342 1651 ores,
366 1610 546 1650 extulerat,
572 1616 608 1644 ut
631 1610 734 1644 facile
765 1610 796 1644 ei
825 1609 998 1644 cederent.
1052 1608 1167 1643 Etiam
1196 1608 1308 1656 (quod
1339 1608 1423 1642 alias
1455 1608 1669 1653 inauditum)

255 1669 358 1705 medii
379 1670 494 1704 limitis
516 1669 721 1716 praefectura
746 1669 803 1710 illi,
823 1668 903 1703 licet
922 1668 1050 1702 homini
1070 1667 1332 1706 mediterraneo,
1352 1666 1490 1708 delata3
1519 1679 1588 1714 qua
1606 1679 1670 1702 nec

255 1728 313 1776 ipsi
336 1727 551 1776 potentiffimi
579 1740 619 1762 ac
646 1727 798 1762 acerrimi
827 1727 897 1768 viri,
918 1726 976 1774 qui
996 1726 1096 1773 juxta
1114 1725 1281 1767 habitant,
1301 1725 1404 1761 facile
1423 1726 1669 1773 defunguntur.

257 1788 391 1822 Tamen
410 1787 477 1829 ille,
498 1799 575 1822 cum
594 1786 809 1833 Jedburgum
831 1785 1024 1820 habitatum
1043 1784 1193 1827 veniffet,
1213 1784 1429 1825 liberalitate,
1444 1784 1669 1826 humanitate,

257 1859 297 1882 ac
317 1846 499 1894 prudentia
520 1845 642 1888 effecit,
663 1851 699 1879 ut
718 1857 818 1880 nemo
838 1857 990 1892 unquam
1009 1844 1043 1879 id
1061 1844 1212 1879 officium
1230 1843 1351 1878 melius
1370 1843 1517 1890 gesserit,
1539 1849 1572 1878 et
1592 1844 1670 1879 civi-

257 1906 320 1940 bus
334 1911 368 1940 et
389 1905 511 1952 Anglis
524 1904 658 1944 charus,
677 1916 741 1939 nec
760 1903 858 1939 bonis
873 1909 1016 1945 tantum,
1038 1903 1094 1938 sed
1114 1909 1145 1938 et
1162 1902 1320 1937 omnibus
1340 1903 1469 1937 summo
1489 1902 1522 1936 in
1542 1902 1671 1937 honore

257 1971 291 1999 et
318 1964 506 1999 reverentia
533 1963 694 2006 habitus3
723 1969 838 1998 tamen
866 1975 934 1997 non
962 1962 1048 1997 ultra
1076 1974 1203 1996 annum
1228 1974 1305 1996 cum
1330 1961 1485 2008 gestisset,
1508 1961 1670 2009 impendii

257 2023 428 2070 pertaesus,
455 2023 487 2057 se
512 2021 694 2057 abdicavit.
749 2020 810 2056 Est
834 2028 949 2056 autem
977 2033 1018 2056 ea
1043 2020 1173 2055 familia
1201 2033 1221 2055 a
1244 2019 1435 2055 Johnstona
1457 2020 1490 2054 in
1511 2020 1672 2055 Anandia

257 2081 400 2117 oriunda
417 2094 426 2123 3
454 2081 557 2115 frater
572 2081 661 2115 enim
681 2080 875 2116 Johnstonii
893 2079 1082 2120 Gilbertus,
1101 2079 1235 2114 Jacobo
1250 2079 1323 2126 regi
1338 2079 1470 2121 charus,
1488 2092 1565 2114 cum
1581 2086 1671 2114 tutor

258 2140 387 2188 pupillo
411 2139 503 2182 ess'et,
527 2145 561 2174 et
583 2140 616 2174 in
635 2152 762 2187 magno
781 2139 873 2187 apud
892 2151 971 2174 eum
990 2138 1130 2180 honore,
1153 2137 1380 2185 Elphinstonii
1399 2137 1570 2172 haeredem
1590 2150 1670 2172 uxo-

257 2211 328 2235 rem
340 2198 446 2240 duxit,
460 2199 632 2246 terrasque
645 2198 676 2233 in
692 2198 875 2240 Lothiana,
889 2210 967 2245 quae
982 2197 1025 2232 ad
1040 2198 1201 2244 eamjure
1213 2196 1429 2232 haereditario
1442 2196 1667 2244 pertinebant,

259 2272 278 2293 a
302 2258 438 2293 volente
462 2262 559 2304 patre
577 2257 700 2304 puellae
719 2257 864 2304 accepit,
885 2257 990 2292 etiam
1008 2256 1092 2299 illas,
1114 2267 1191 2303 quae
1210 2255 1254 2290 ad
1275 2255 1463 2290 Carontem
1483 2266 1618 2290 amnem
1637 2255 1669 2289 in

261 2316 377 2352 Carfia
401 2316 486 2358 sunt,
516 2315 667 2362 ejusdem
692 2316 838 2351 nominis
861 2316 988 2356 villam,
1015 2322 1229 2362 accepturus,
1256 2314 1279 2350 fi
1298 2327 1423 2350 nomen
1444 2313 1669 2361 Elphinstonii
