1922 2767
273 287 317 319 32
719 283 787 319 DE
817 283 1037 320 FAMILIA
1066 283 1241 319 HUMIA

272 399 396 422 nomen
415 388 677 435 ingeminantes,
693 393 856 423 terrorem
870 388 1022 424 incutere
1037 394 1215 424 conantur.
1259 387 1337 423 Nec
1351 388 1464 436 plures
1479 388 1683 423 octodecem

273 445 446 493 equitibus
465 452 573 488 erant,
592 446 778 482 familiares
796 447 867 487 soli,
887 447 944 494 qui
963 460 1032 482 una
1059 447 1279 487 advenerant,
1299 447 1481 482 clientibus
1502 446 1615 482 adhuc
1634 447 1681 481 in-

273 505 359 545 sciis,
379 517 496 541 verum
522 517 608 552 quos
638 505 681 540 ad
709 505 893 540 tumultum
911 505 1046 541 strenue
1074 506 1271 541 accursuros
1289 517 1358 540 non
1377 505 1522 540 dubitat.
1574 505 1684 540 Erant

272 564 305 598 in
327 564 441 599 Bautii
461 564 627 598 comitatu
646 564 825 611 quingenti
845 570 904 598 aut
923 564 1035 611 plures
1060 564 1204 611 equites,
1225 576 1293 611 qua
1314 563 1418 606 Galli,
1438 576 1507 611 qua
1529 563 1623 600 Scoti
1642 576 1685 598 ex

274 622 434 657 Teviotia
452 628 485 657 et
506 621 651 662 Mercia,
670 622 728 669 qui
756 628 815 657 aut
842 623 984 670 negotia
1010 623 1152 670 quisque
1179 623 1237 657 sua
1266 622 1428 670 agebant,
1459 627 1518 657 aut
1547 622 1685 656 honoris

271 681 372 715 causa
391 679 664 723 comitabantur3
695 681 798 715 etiam
817 693 859 715 ex
881 680 1052 715 Lothiana
1073 681 1255 727 juventute
1272 681 1437 720 nonnulli,
1457 681 1515 727 qui
1539 693 1607 715 una
1626 680 1683 715 ad-

272 746 447 774 venerant.
502 739 570 780 Qui
589 751 631 774 ex
651 739 783 775 Mercia
811 746 917 781 erant,
942 752 976 774 re
1005 740 1197 787 perspecta,
1220 740 1275 774 alii
1305 739 1348 774 ad
1369 739 1540 774 Davidem
1567 745 1684 786 aperte

272 797 420 840 tranfire,
443 798 497 832 alii
517 797 656 832 domum
675 798 792 832 dilabi.
835 798 903 839 Qui
923 811 964 833 ex
985 798 1145 833 Teviotia
1158 797 1277 833 sensim
1292 799 1324 833 se
1339 797 1540 833 subducere.
1586 797 1684 832 Unus

271 868 403 890 moram
431 856 513 891 fecit
533 856 674 891 Marcus
696 856 806 891 Carus
836 855 1062 896 Litledenius,
1083 857 1152 903 qui,
1180 856 1344 904 correptis
1364 856 1510 891 Davidis
1527 855 1681 897 habenis,

273 914 558 961 deprecabundus
576 914 732 961 rogabat,
753 927 796 949 ne
823 914 905 961 quid
934 915 1072 962 gravius
1090 915 1122 949 in
1144 914 1307 949 Bautium
1335 915 1535 957 consuleret,
1564 914 1597 949 id
1624 914 1682 949 fibi

270 972 429 1008 dedecori
448 974 531 1013 fore,
553 973 610 1020 qui
630 973 663 1007 in
682 973 756 1019 ejus
775 973 939 1007 comitatu
959 973 1051 1008 effet.
1104 973 1234 1008 Verum
1261 986 1339 1008 cum
1358 986 1436 1008 eum
1455 974 1488 1008 in
1513 973 1682 1021 propofito

270 1031 435 1072 constare,
454 1041 487 1066 et
513 1030 583 1071 fibi,
611 1036 647 1065 ut
666 1031 811 1065 fraenum
837 1031 1043 1073 demitteret,
1073 1031 1190 1079 gladio
1218 1032 1406 1067 minantem
1426 1032 1520 1072 vidit,
1540 1031 1681 1073 demifit,

269 1102 332 1124 nec
351 1097 501 1124 moratus
522 1090 554 1124 se
574 1090 605 1123 in
628 1089 822 1124 Teviotiam
842 1089 1044 1124 abeuntium
1063 1090 1191 1137 agmini
1207 1091 1399 1125 immiscuit.
1453 1091 1610 1131 Bantius,
1625 1091 1683 1125 ubi

268 1147 341 1183 haec
360 1148 452 1189 vidit,
474 1148 645 1183 Davidem
665 1147 791 1182 blande
810 1148 854 1182 ad
872 1148 905 1182 se
924 1160 1060 1188 vocare,
1087 1149 1249 1183 excusare
1280 1149 1373 1196 quod
1402 1155 1472 1183 tam
1501 1149 1611 1196 rigide
1635 1149 1682 1184 lo—

269 1214 367 1241 cutus
394 1206 485 1245 efl‘et,
507 1207 635 1241 causari
663 1207 757 1247 iram,
789 1219 1006 1253 praepropere
1031 1219 1071 1241 ac
1099 1219 1278 1254 perperam
1309 1207 1468 1254 quaedam
1496 1207 1682 1247 effutiviffe,

268 1265 358 1299 male
374 1265 416 1299 ad
436 1266 467 1299 se
487 1264 624 1304 babere,
643 1271 677 1299 et
695 1264 783 1299 velle
810 1277 877 1299 non
898 1265 1050 1305 dictum3
1070 1277 1185 1300 verum
1204 1277 1271 1299 non
1292 1265 1358 1300 ess'e
1377 1266 1473 1308 tanti,
1496 1266 1683 1301 remitteret

269 1325 362 1365 iram,
396 1331 517 1358 caetera
550 1329 790 1358 conventuros.
853 1323 983 1358 Verum
1017 1323 1150 1364 frustra,
1180 1324 1317 1371 longius
1345 1324 1438 1359 enim
1472 1325 1682 1372 progrefl‘um

269 1382 384 1417 David
402 1383 434 1417 se
454 1382 603 1422 credere,
622 1394 727 1424 qnam
745 1388 782 1416 ut
799 1388 892 1417 tutus
907 1382 987 1417 effet
1006 1388 1175 1430 receptus,
1193 1383 1310 1430 itaque
1326 1383 1566 1430 exprobrando
1582 1384 1681 1419 amici

269 1441 397 1475 caedem
417 1440 573 1475 instabat.
628 1440 762 1480 Gallus,
782 1440 839 1475 ubi
859 1440 1016 1488 delapsos
1038 1441 1172 1482 Scotos,
1194 1441 1318 1476 restare
1333 1442 1366 1476 se
1385 1442 1450 1476 suis
1465 1454 1542 1476 cum
1559 1442 1679 1484 Gallis,

268 1500 416 1534 crescere
434 1499 580 1533 hostium
599 1511 778 1534 numerum
796 1499 890 1541 vidit,
910 1512 975 1534 nec
994 1499 1097 1534 aliam
1111 1500 1185 1547 jam
1203 1500 1296 1547 spem
1315 1499 1455 1540 subesse,
1475 1500 1612 1547 capessit
1630 1501 1680 1535 fu-

268 1571 370 1605 gam;
388 1557 577 1592 vehebatur
596 1570 686 1605 equo
713 1558 949 1605 perniciffimo,
971 1559 1029 1605 qui
1057 1564 1091 1593 et
1119 1559 1189 1605 ipse
1209 1558 1399 1594 Alexandri
1419 1558 1538 1593 Humii
1556 1559 1678 1600 fuerat,

268 1624 300 1651 et
320 1629 400 1663 quo,
419 1616 442 1650 fi
461 1629 553 1650 more
577 1616 715 1651 Scotico
742 1616 900 1651 instratus
919 1616 1041 1656 suiss'et,
1061 1617 1237 1652 evasurum
1264 1617 1420 1652 homines
1441 1617 1605 1658 credunt;
1623 1630 1679 1652 ve-

269 1687 342 1709 rum
362 1680 395 1709 et
420 1674 588 1721 ephippiis
606 1675 723 1721 magni
742 1675 902 1722 ponderis
929 1688 1007 1709 eum
1031 1675 1208 1722 gravabat,
1229 1681 1263 1710 et
1280 1676 1406 1722 lupatis
1428 1675 1571 1711 Gallicis
1591 1677 1677 1711 insu-

271 1739 374 1774 etum,
395 1732 583 1767 morabitur
600 1745 643 1768 ne
662 1733 763 1780 pleno
782 1733 877 1768 cursu
903 1738 938 1768 ut
965 1733 1084 1780 pofi'et.
1137 1733 1274 1768 Emicat
1291 1740 1418 1776 tamen,
1435 1740 1468 1769 et
1487 1747 1564 1768 eum
1593 1735 1679 1770 inter

271 1791 506 1838 Langtoninm
525 1798 559 1826 et
579 1792 735 1826 Dunsum
751 1804 810 1839 per
834 1792 968 1839 paludis
986 1792 1112 1826 vadum
1134 1792 1399 1839 (Cornifurdum
1418 1793 1558 1838 vocant)
1578 1806 1678 1840 aequo

266 1851 352 1884 inter
371 1851 529 1897 utrasque
548 1851 656 1897 spatio
675 1850 738 1885 iter
756 1849 848 1889 effet.
869 1850 961 1897 prius
979 1850 1013 1884 id
1032 1850 1147 1885 transit
1165 1863 1268 1898 quam
1288 1851 1345 1898 qui
1367 1850 1551 1898 Langtono
1566 1853 1678 1887 venie-

265 1909 348 1943 bant
366 1909 552 1955 praevenire
570 1908 712 1956 pofl'ent.
767 1908 850 1943 Inde
877 1921 936 1955 per
960 1909 1109 1944 medium
1133 1909 1289 1944 Dunsum
1318 1910 1380 1944 iter
1406 1914 1511 1951 tenet,
1531 1910 1678 1958 longius-

267 1967 343 2001 cule
361 1966 581 2013 sequentibus
603 1967 746 2006 caeteris,
767 1979 853 2001 unus
874 1967 1072 2002 Dicksonus
1092 1967 1312 2013 (Trotterum
1340 1967 1396 2002 alii
1415 1968 1564 2014 malunt)
1585 1969 1677 2004 adol-

267 2026 383 2060 escens
402 2024 586 2059 admodum
607 2025 733 2059 Davidi
753 2038 773 2060 a
792 2025 936 2072 pedibus
956 2025 1019 2070 (ad
1037 2026 1220 2060 tumultum
1239 2026 1310 2060 heri
1325 2039 1428 2073 equo,
1444 2027 1501 2073 qui
1520 2026 1611 2061 domi
1628 2039 1676 2062 re-

264 2085 367 2119 lictus
384 2084 507 2125 fuerat,
528 2096 591 2119 nec
609 2083 723 2125 strato,
748 2083 1012 2118 VVedderburno
1032 2083 1227 2130 advolarat)
1255 2084 1347 2120 haud
1365 2085 1469 2131 longe
1493 2085 1623 2126 aberat,
1643 2095 1677 2121 et

265 2143 381 2178 stricto
395 2143 483 2177 ferro
499 2142 542 2177 ad
554 2142 702 2190 fingulos
717 2154 806 2189 pene
823 2141 936 2189 paffus
950 2141 1161 2177 imminebat.
1215 2142 1370 2185 Bantius,
1386 2143 1626 2187 minabundus,
1643 2151 1676 2180 et

265 2201 425 2236 recedere
453 2213 594 2248 puerum
621 2200 756 2248 jubens,
786 2201 819 2235 se
847 2200 1003 2248 gnaviter
1033 2200 1254 2241 defendebat,
1286 2201 1396 2237 donec
1426 2202 1614 2250 lapidosum
1643 2204 1675 2237 in
1724 2237 1727 2238 γ

265 2272 396 2307 agrum,
413 2260 469 2306 qui
492 2259 650 2294 Dunsum
669 2260 756 2293 inter
775 2265 808 2293 et
830 2259 1030 2294 Prestonum
1048 2259 1160 2294 vicum
1179 2260 1370 2307 interjacet,
1395 2262 1559 2308 pervenit.
1613 2261 1675 2301 Ibi,

264 2319 345 2367 dum
365 2318 407 2353 ad
427 2318 661 2366 insequentem
681 2318 792 2365 magis
807 2330 910 2365 quam
931 2318 973 2353 ad
993 2318 1055 2353 iter
1069 2318 1223 2359 intendit,
1239 2331 1349 2366 equus
1368 2320 1401 2354 in
1420 2320 1535 2354 saxum
1555 2320 1674 2366 impin-
